timestamp,stock,bid_price_1,bid_price_2,bid_price_3,bid_price_4,bid_price_5,ask_price_1,ask_price_2,ask_price_3,ask_price_4,ask_price_5,bid_size_1,bid_size_2,bid_size_3,bid_size_4,bid_size_5,ask_size_1,ask_size_2,ask_size_3,ask_size_4,ask_size_5,volume,price_change,OFI_1,OFI_2,OFI_3,OFI_4,OFI_5
2025-01-01 09:30:00,AAPL,137.45,195.07,173.2,159.87,115.6,137.47,195.08,173.23999999999998,159.9,115.64,22,53,2,88,30,38,2,64,60,21,260,-0.39,,,,,
2025-01-01 09:30:01,AAPL,152.48,143.19,129.12,161.19,113.95,152.5,143.21,129.15,161.23,113.97,55,64,3,51,7,21,73,39,18,4,700,0.93,33.0,-71.0,25.0,-37.0,17.0
2025-01-01 09:30:02,AAPL,180.84,130.46,109.77,168.42,144.02,180.85,130.49,109.78,168.47,144.04000000000002,4,2,6,54,4,54,93,63,18,90,655,0.88,-51.0,-20.0,-24.0,3.0,-3.0
2025-01-01 09:30:03,AAPL,189.48,159.79,192.19,108.85,119.6,189.49,159.81,192.22,108.87,119.64,26,89,60,41,29,15,45,65,89,71,620,0.54,22.0,87.0,54.0,-71.0,19.0
2025-01-01 09:30:04,AAPL,119.87,100.55,181.55,170.69,172.9,119.91,100.56,181.57,170.7,172.94,72,12,34,33,48,23,62,88,37,99,783,0.28,-8.0,-17.0,-23.0,-8.0,19.0
2025-01-01 09:30:05,AAPL,188.72,147.22,111.96,171.32,176.08,188.75,147.26,111.99,171.35,176.11,42,77,51,63,96,52,96,4,94,23,330,-0.18,-30.0,65.0,84.0,30.0,48.0
2025-01-01 09:30:06,AAPL,175.56,122.88,107.7,128.98,116.12,175.61,122.92,107.74,129.01999999999998,116.16,44,84,30,62,75,92,89,62,97,1,476,0.3,-40.0,7.0,-58.0,-3.0,22.0
2025-01-01 09:30:07,AAPL,100.05,135.26,130.48,116.47,153.41,100.08,135.29999999999998,130.5,116.49,153.43,32,96,88,52,62,58,52,12,39,2,486,-0.4,34.0,12.0,58.0,58.0,-13.0
2025-01-01 09:30:08,AAPL,128.48,103.69,160.96,150.27,105.15,128.5,103.74,160.98000000000002,150.29000000000002,105.18,32,70,32,68,55,75,56,17,38,24,936,0.26,0.0,-4.0,-56.0,16.0,-22.0
2025-01-01 09:30:09,AAPL,163.35,153.58,109.03,183.53,132.08,163.37,153.59,109.06,183.57,132.09,67,19,20,96,71,52,33,40,39,82,971,-0.72,35.0,-51.0,-23.0,28.0,16.0
2025-01-01 09:30:10,AAPL,134.11,111.35,192.47,187.73,125.79,134.15,111.39,192.5,187.76,125.81,48,12,69,37,32,9,99,19,48,80,230,0.71,43.0,-66.0,49.0,-59.0,2.0
2025-01-01 09:30:11,AAPL,140.45,188.78,185.09,193.56,178.53,140.48999999999998,188.81,185.11,193.61,178.58,18,82,66,54,35,80,61,41,33,68,900,-0.01,-30.0,70.0,-22.0,17.0,3.0
2025-01-01 09:30:12,AAPL,117.88,136.65,174.42,172.09,130.81,117.91,136.68,174.45999999999998,172.11,130.84,51,54,8,27,27,98,21,30,97,28,978,-0.01,-18.0,40.0,11.0,-64.0,40.0
2025-01-01 09:30:13,AAPL,119.52,172.25,128.08,102.43,164.55,119.54,172.3,128.13000000000002,102.48,164.57000000000002,37,24,93,46,53,95,99,60,97,63,352,-0.23,-14.0,-30.0,-30.0,0.0,26.0
2025-01-01 09:30:14,AAPL,185.11,131.69,116.95,155.68,193.62,185.15,131.72,116.96,155.71,193.67,66,27,2,90,17,33,9,43,48,39,576,-0.41,29.0,90.0,17.0,44.0,-36.0
2025-01-01 09:30:15,AAPL,141.98,125.62,161.15,108.16,100.52,142.01999999999998,125.64,161.16,108.19,100.53,87,15,92,98,66,32,87,63,86,51,764,-0.69,1.0,-78.0,90.0,-38.0,-12.0
2025-01-01 09:30:16,AAPL,198.18,183.89,186.04,125.03,103.88,198.2,183.92,186.06,125.07,103.9,5,68,6,96,94,47,99,55,40,52,755,0.95,-82.0,53.0,-86.0,-2.0,28.0
2025-01-01 09:30:17,AAPL,151.63,132.3,179.52,127.08,143.9,151.64,132.31,179.57000000000002,127.12,143.94,1,58,1,34,96,48,89,1,16,61,803,0.11,-1.0,10.0,54.0,-62.0,2.0
2025-01-01 09:30:18,AAPL,161.17,141.96,124.77,135.6,175.78,161.17999999999998,141.97,124.78,135.61,175.82,69,76,16,90,90,48,85,39,33,94,456,-0.2,68.0,18.0,-38.0,56.0,-6.0
2025-01-01 09:30:19,AAPL,161.59,163.51,104.53,137.46,162.59,161.62,163.54999999999998,104.57,137.48000000000002,162.6,2,92,32,91,84,24,12,50,35,33,790,0.64,-67.0,16.0,-11.0,1.0,61.0
2025-01-01 09:30:20,AAPL,162.59,182.04,165.15,120.67,127.4,162.61,182.07,165.16,120.7,127.42,90,8,93,26,74,90,34,7,68,58,600,-0.3,88.0,-84.0,61.0,-33.0,-25.0
2025-01-01 09:30:21,AAPL,193.66,103.92,141.79,196.76,154.8,193.69,103.95,141.82,196.8,154.82000000000002,96,24,23,62,96,37,12,55,13,23,316,-0.52,6.0,22.0,-48.0,36.0,22.0
2025-01-01 09:30:22,AAPL,137.77,153.43,149.66,138.96,129.76,137.78,153.44,149.71,139.0,129.78,28,78,95,52,83,16,69,99,12,25,990,-0.57,21.0,54.0,72.0,1.0,-2.0
2025-01-01 09:30:23,AAPL,194.62,178.13,111.35,193.09,197.42,194.67,178.14,111.39,193.12,197.46,76,9,74,58,17,7,46,13,40,42,492,0.64,48.0,-69.0,86.0,6.0,-66.0
2025-01-01 09:30:24,AAPL,170.62,108.13,108.48,198.66,137.43,170.64,108.17,108.53,198.71,137.47,70,31,19,61,54,39,91,74,90,19,138,-0.13,-32.0,-45.0,-61.0,3.0,23.0
2025-01-01 09:30:25,AAPL,125.37,140.52,157.15,174.1,176.72,125.41,140.56,157.19,174.12,176.75,25,56,33,38,6,58,44,45,32,45,928,-0.35,-19.0,25.0,14.0,58.0,-48.0
2025-01-01 09:30:26,AAPL,104.34,192.46,191.91,125.3,169.54,104.35,192.48,191.93,125.32,169.59,54,3,16,87,57,75,12,74,96,16,457,-0.09,-17.0,-53.0,-17.0,-64.0,29.0
2025-01-01 09:30:27,AAPL,162.01,127.74,118.81,146.37,135.34,162.04,127.75,118.86,146.42000000000002,135.38,17,73,33,84,77,92,29,13,46,35,352,0.88,-37.0,-17.0,61.0,-3.0,-19.0
2025-01-01 09:30:28,AAPL,141.66,158.12,191.92,108.27,187.67,141.69,158.14,191.95,108.31,187.7,49,11,85,26,63,89,86,59,27,49,560,-0.87,3.0,-62.0,52.0,19.0,-14.0
2025-01-01 09:30:29,AAPL,103.68,113.39,101.37,107.54,169.17,103.71,113.43,101.42,107.57,169.20999999999998,74,74,83,17,85,78,73,1,51,45,816,-0.59,11.0,13.0,58.0,-24.0,4.0
2025-01-01 09:30:30,AAPL,187.82,175.7,104.69,126.87,102.22,187.85,175.73,104.73,126.89,102.26,5,94,94,57,17,47,23,79,85,14,677,0.61,-69.0,20.0,11.0,40.0,31.0
2025-01-01 09:30:31,AAPL,190.32,161.73,198.05,160.81,163.66,190.35,161.73999999999998,198.09,160.84,163.69,79,30,51,81,5,29,4,10,56,17,429,0.54,74.0,19.0,-43.0,24.0,-12.0
2025-01-01 09:30:32,AAPL,106.62,104.59,162.08,134.74,120.91,106.65,104.61,162.11,134.77,120.94,75,16,8,4,4,56,25,67,96,67,766,0.34,-27.0,-21.0,-57.0,-40.0,-50.0
2025-01-01 09:30:33,AAPL,117.23,119.23,104.09,116.89,127.86,117.25,119.24,104.1,116.92,127.88,34,49,78,90,45,27,73,26,47,86,338,0.02,-41.0,33.0,41.0,49.0,41.0
2025-01-01 09:30:34,AAPL,115.7,137.73,100.26,186.83,108.45,115.73,137.78,100.29,186.88,108.47,28,87,78,88,2,26,14,59,56,7,102,0.79,1.0,38.0,-33.0,-2.0,79.0
2025-01-01 09:30:35,AAPL,151.17,153.21,110.72,144.74,153.26,151.19,153.23000000000002,110.75,144.75,153.28,86,90,44,25,17,13,84,25,68,10,166,0.3,58.0,3.0,-34.0,-12.0,15.0
2025-01-01 09:30:36,AAPL,147.96,158.42,173.68,155.77,158.65,147.99,158.45,173.70000000000002,155.82000000000002,158.68,59,56,59,70,33,53,22,21,70,70,602,-0.02,-40.0,-34.0,15.0,45.0,16.0
2025-01-01 09:30:37,AAPL,185.08,108.79,180.59,105.57,184.23,185.09,108.8,180.63,105.62,184.28,84,92,75,4,79,6,94,51,62,57,293,0.11,25.0,-72.0,16.0,8.0,46.0
2025-01-01 09:30:38,AAPL,157.16,128.0,176.95,118.7,132.37,157.19,128.03,176.97,118.71,132.4,64,38,37,11,77,3,33,6,50,10,360,-0.87,3.0,-54.0,45.0,7.0,47.0
2025-01-01 09:30:39,AAPL,199.0,132.24,180.99,125.46,168.15,199.04,132.27,181.02,125.49,168.17000000000002,49,69,62,60,50,78,75,9,34,76,646,0.85,-15.0,31.0,25.0,49.0,-27.0
2025-01-01 09:30:40,AAPL,172.16,104.81,178.15,182.79,175.05,172.2,104.85,178.17000000000002,182.81,175.09,62,4,89,42,89,18,40,72,39,14,899,-0.07,60.0,35.0,-63.0,-18.0,39.0
2025-01-01 09:30:41,AAPL,130.14,174.76,150.27,123.22,189.96,130.17,174.79,150.32000000000002,123.25,189.97,6,67,7,51,72,42,64,15,29,33,577,0.79,-24.0,63.0,57.0,10.0,-17.0
2025-01-01 09:30:42,AAPL,178.86,115.17,131.17,124.85,174.39,178.87,115.2,131.20999999999998,124.9,174.41,38,13,31,47,88,52,56,15,29,8,360,-0.03,32.0,8.0,0.0,-4.0,25.0
2025-01-01 09:30:43,AAPL,140.9,177.19,101.22,159.84,156.55,140.94,177.22,101.26,159.89,156.57000000000002,6,72,23,47,90,46,12,90,13,62,309,0.22,6.0,59.0,-75.0,0.0,-54.0
2025-01-01 09:30:44,AAPL,101.81,187.21,193.21,156.51,169.67,101.86,187.25,193.23,156.54,169.7,51,29,78,40,41,86,11,23,1,46,712,0.97,-40.0,-43.0,55.0,12.0,-49.0
2025-01-01 09:30:45,AAPL,183.89,112.47,192.08,186.99,151.88,183.92,112.5,192.09,187.01,151.92,26,41,35,63,25,90,75,38,2,7,309,-0.04,-25.0,-64.0,-15.0,23.0,39.0
2025-01-01 09:30:46,AAPL,191.85,158.71,103.28,191.27,124.82,191.88,158.73000000000002,103.29,191.29,124.86,22,26,28,85,49,71,81,84,49,20,729,0.72,-4.0,-15.0,-46.0,22.0,-13.0
2025-01-01 09:30:47,AAPL,153.51,118.45,129.96,130.99,139.73,153.54,118.49,129.98000000000002,131.02,139.76,93,30,16,40,19,18,1,78,47,66,601,-0.12,53.0,80.0,-12.0,2.0,-30.0
2025-01-01 09:30:48,AAPL,140.08,155.96,115.52,118.19,186.18,140.13000000000002,155.98000000000002,115.54,118.23,186.21,87,55,92,32,50,7,93,8,65,57,858,-0.49,11.0,25.0,70.0,-18.0,31.0
2025-01-01 09:30:49,AAPL,119.61,150.55,159.5,133.93,156.94,119.66,150.58,159.54,133.97,156.99,32,46,16,68,37,54,85,14,95,55,106,0.27,-47.0,8.0,-76.0,36.0,2.0
2025-01-01 09:30:50,AAPL,173.59,184.81,112.28,187.64,164.29,173.63,184.86,112.31,187.66,164.32999999999998,67,87,12,20,5,37,38,94,9,98,152,-0.41,35.0,41.0,-80.0,-48.0,-32.0
2025-01-01 09:30:51,AAPL,194.85,176.36,114.01,186.85,148.74,194.9,176.4,114.04,186.86,148.76000000000002,40,66,25,73,22,4,26,58,29,98,826,0.37,-27.0,12.0,13.0,-20.0,0.0
2025-01-01 09:30:52,AAPL,182.26,152.97,181.51,149.81,106.72,182.29,153.0,181.55,149.82,106.74,27,57,31,6,91,40,98,12,53,71,784,0.68,-36.0,-72.0,6.0,-24.0,27.0
2025-01-01 09:30:53,AAPL,140.44,177.09,142.2,135.39,195.86,140.46,177.1,142.23999999999998,135.39999999999998,195.9,11,36,59,39,99,54,98,55,24,22,168,-0.03,-14.0,-21.0,-43.0,29.0,8.0
2025-01-01 09:30:54,AAPL,126.99,153.98,116.2,184.15,184.64,127.04,154.0,116.23,184.18,184.66,40,17,1,89,61,43,42,25,39,35,230,-0.84,11.0,56.0,30.0,50.0,-13.0
2025-01-01 09:30:55,AAPL,100.23,196.77,100.53,110.31,131.46,100.27,196.82,100.57,110.35,131.49,12,62,80,88,83,8,95,21,81,87,584,0.38,35.0,45.0,4.0,-42.0,-52.0
2025-01-01 09:30:56,AAPL,184.92,124.97,148.94,122.12,198.77,184.97,124.98,148.98,122.17,198.79,85,86,7,14,79,7,9,48,72,59,826,0.59,73.0,86.0,-73.0,-74.0,-4.0
2025-01-01 09:30:57,AAPL,174.51,105.49,145.51,152.24,164.45,174.54999999999998,105.51,145.54,152.27,164.5,43,40,90,55,87,39,15,4,93,86,496,0.25,-32.0,-6.0,44.0,41.0,-27.0
2025-01-01 09:30:58,AAPL,188.6,161.59,123.3,102.44,187.01,188.61,161.63,123.33,102.49,187.05,39,46,29,62,93,62,57,16,56,10,458,0.05,-4.0,6.0,-12.0,37.0,6.0
2025-01-01 09:30:59,AAPL,173.23,100.33,146.73,129.7,185.28,173.26999999999998,100.36,146.75,129.75,185.29,15,49,88,68,12,59,37,61,43,70,906,0.76,3.0,20.0,59.0,6.0,-60.0
2025-01-01 09:31:00,AAPL,194.47,146.74,161.34,116.7,199.12,194.49,146.79000000000002,161.38,116.73,199.15,74,98,57,90,41,3,6,5,5,54,146,-0.57,59.0,49.0,-31.0,38.0,29.0
2025-01-01 09:31:01,AAPL,151.83,159.73,152.5,126.02,151.52,151.86,159.78,152.55,126.05,151.55,89,73,68,14,98,11,56,67,92,29,748,-0.91,-8.0,-25.0,-62.0,-76.0,25.0
2025-01-01 09:31:02,AAPL,185.22,103.54,132.91,193.16,173.52,185.24,103.56,132.92,193.2,173.53,18,70,37,60,48,77,28,69,77,81,213,-0.01,-71.0,28.0,-2.0,46.0,-50.0
2025-01-01 09:31:03,AAPL,148.06,159.24,182.47,134.78,167.8,148.09,159.26000000000002,182.52,134.82,167.84,97,59,59,48,41,13,45,89,53,42,455,0.24,64.0,-11.0,22.0,24.0,39.0
2025-01-01 09:31:04,AAPL,175.27,115.86,188.09,187.18,102.92,175.31,115.88,188.11,187.22,102.94,2,78,77,93,12,39,66,96,13,46,766,0.96,-95.0,-21.0,18.0,45.0,-4.0
2025-01-01 09:31:05,AAPL,163.18,125.98,163.4,154.0,177.98,163.19,126.02,163.43,154.05,178.0,60,79,94,37,93,22,68,20,96,68,830,-0.67,17.0,1.0,76.0,-83.0,81.0
2025-01-01 09:31:06,AAPL,177.1,170.86,147.36,105.79,107.47,177.14,170.91000000000005,147.4,105.82,107.51,52,76,7,29,11,33,6,79,32,51,558,0.37,-8.0,-3.0,-59.0,64.0,17.0
2025-01-01 09:31:07,AAPL,144.59,127.36,199.71,142.62,145.14,144.61,127.4,199.75,142.64,145.14999999999998,78,84,22,75,27,67,81,56,92,93,120,0.82,-34.0,-75.0,15.0,46.0,16.0
2025-01-01 09:31:08,AAPL,185.74,196.45,176.01,144.23,131.2,185.76,196.49,176.04999999999998,144.25,131.23999999999998,24,12,18,15,80,27,72,60,46,89,756,-0.82,-54.0,-72.0,-4.0,-60.0,4.0
2025-01-01 09:31:09,AAPL,115.37,145.37,153.04,101.79,179.68,115.39,145.42000000000002,153.09,101.81,179.71,94,78,71,17,84,9,38,48,60,63,825,0.16,18.0,34.0,12.0,-14.0,4.0
2025-01-01 09:31:10,AAPL,126.9,179.76,131.04,145.52,101.16,126.91,179.79,131.07,145.55,101.18,45,89,33,41,8,11,86,51,88,41,500,-0.79,-49.0,11.0,-3.0,24.0,22.0
2025-01-01 09:31:11,AAPL,157.09,101.84,148.24,121.03,134.6,157.13,101.89,148.25,121.06,134.65,30,33,77,26,22,66,38,90,46,15,205,-0.67,-15.0,48.0,44.0,42.0,14.0
2025-01-01 09:31:12,AAPL,110.46,163.64,170.65,103.16,193.62,110.47,163.67,170.69,103.2,193.66,62,84,62,7,75,84,80,4,6,58,121,-0.1,-18.0,51.0,-15.0,40.0,53.0
2025-01-01 09:31:13,AAPL,164.36,152.64,173.16,108.16,106.04,164.38000000000002,152.66,173.2,108.18,106.09,45,8,93,53,55,32,51,44,82,70,822,-0.54,-17.0,29.0,31.0,46.0,-12.0
2025-01-01 09:31:14,AAPL,199.63,197.48,165.03,119.95,168.02,199.64,197.49,165.05,119.98,168.06,31,58,61,24,20,37,4,92,20,60,251,0.09,-14.0,50.0,-48.0,-29.0,-35.0
2025-01-01 09:31:15,AAPL,151.4,158.81,102.94,139.55,160.62,151.43,158.85,102.98,139.60000000000002,160.64,12,3,18,40,21,15,97,99,26,8,199,0.82,22.0,-93.0,-7.0,16.0,52.0
2025-01-01 09:31:16,AAPL,117.97,123.75,197.14,118.1,185.44,118.0,123.77,197.18,118.13,185.47,89,84,2,70,17,89,28,66,35,5,548,0.55,-74.0,69.0,-16.0,-9.0,-4.0
2025-01-01 09:31:17,AAPL,113.09,196.98,145.38,123.61,107.35,113.11,197.01,145.4,123.65,107.38,20,8,43,76,1,57,64,84,28,37,786,0.33,32.0,-76.0,-18.0,6.0,-32.0
2025-01-01 09:31:18,AAPL,147.46,184.42,180.57,158.54,186.83,147.48000000000002,184.43,180.59,158.54999999999998,186.86,20,26,29,1,35,70,59,69,33,51,305,0.38,0.0,5.0,-14.0,-75.0,34.0
2025-01-01 09:31:19,AAPL,139.74,147.99,168.6,101.74,132.31,139.79000000000002,148.02,168.62,101.77,132.33,38,84,23,45,52,80,50,8,85,1,875,-0.69,-10.0,9.0,61.0,-52.0,50.0
2025-01-01 09:31:20,AAPL,123.46,196.33,125.53,166.16,197.86,123.48,196.34,125.55,166.2,197.9,76,91,72,89,46,68,33,1,19,31,753,-0.21,12.0,7.0,7.0,44.0,-6.0
2025-01-01 09:31:21,AAPL,165.12,110.66,165.78,199.94,104.82,165.17000000000002,110.69,165.82,199.98,104.85,75,68,98,4,19,70,98,82,13,23,950,0.74,-1.0,-65.0,26.0,-85.0,8.0
2025-01-01 09:31:22,AAPL,137.57,129.69,164.91,132.84,163.02,137.6,129.72,164.94,132.87,163.05,96,35,44,90,11,99,72,78,74,66,876,-0.24,-29.0,-33.0,4.0,-61.0,-8.0
2025-01-01 09:31:23,AAPL,186.33,151.91,147.92,102.56,134.12,186.36,151.94,147.95,102.59,134.15,48,87,70,46,43,21,23,80,47,15,892,0.31,-48.0,52.0,-2.0,27.0,51.0
2025-01-01 09:31:24,AAPL,138.01,119.72,147.92,119.46,116.63,138.04,119.75,147.95999999999998,119.51,116.66,8,16,36,30,18,2,49,77,4,90,444,0.04,19.0,-26.0,0.0,-16.0,-75.0
2025-01-01 09:31:25,AAPL,112.32,185.94,179.98,118.46,129.53,112.36,185.96,180.03,118.49,129.54,54,1,44,45,47,13,22,21,86,92,125,-0.58,-11.0,-15.0,8.0,-82.0,29.0
2025-01-01 09:31:26,AAPL,161.1,141.1,183.99,190.0,135.34,161.12,141.14,184.01,190.04,135.37,74,89,18,19,36,74,97,55,69,47,660,0.47,20.0,-75.0,-26.0,-26.0,-11.0
2025-01-01 09:31:27,AAPL,186.28,121.67,109.57,102.36,164.2,186.31,121.7,109.59,102.39,164.23,25,2,64,35,7,85,18,67,42,39,852,-0.97,-49.0,79.0,-12.0,27.0,-29.0
2025-01-01 09:31:28,AAPL,134.11,181.87,160.32,133.72,190.55,134.15,181.89,160.36,133.75,190.58,97,70,41,68,13,49,60,2,60,5,527,-0.53,36.0,68.0,-23.0,33.0,6.0
2025-01-01 09:31:29,AAPL,154.0,188.01,165.09,153.3,132.43,154.02,188.05,165.14,153.34,132.46,98,87,30,8,22,44,58,36,69,77,576,0.38,1.0,17.0,-11.0,-60.0,-72.0
2025-01-01 09:31:30,AAPL,120.09,153.58,109.67,145.04,175.62,120.11,153.62,109.71,145.09,175.64,92,5,84,65,30,21,84,70,22,82,555,0.51,23.0,-26.0,-34.0,47.0,8.0
2025-01-01 09:31:31,AAPL,112.77,182.61,178.2,170.87,103.62,112.79,182.63,178.22,170.88,103.67,73,65,75,67,52,62,23,26,68,82,410,-0.68,-41.0,60.0,-9.0,2.0,0.0
2025-01-01 09:31:32,AAPL,178.63,157.46,156.66,139.1,150.12,178.66,157.49,156.7,139.14,150.15,78,6,67,80,7,52,14,73,15,21,774,-0.65,5.0,9.0,-47.0,53.0,-45.0
2025-01-01 09:31:33,AAPL,169.5,134.61,197.56,164.1,182.25,169.52,134.65,197.61,164.13,182.28,54,52,3,99,41,6,25,13,98,8,636,-0.53,46.0,-11.0,-64.0,19.0,34.0
2025-01-01 09:31:34,AAPL,108.0,177.67,112.2,159.43,193.64,108.05,177.69,112.24,159.44,193.65,2,60,23,83,31,5,83,34,10,89,741,-0.03,1.0,8.0,-21.0,88.0,-10.0
2025-01-01 09:31:35,AAPL,175.43,161.95,129.74,143.03,117.07,175.44,161.98999999999998,129.76000000000002,143.05,117.11,97,4,4,40,17,52,93,52,36,38,330,0.45,95.0,-10.0,-19.0,-26.0,51.0
2025-01-01 09:31:36,AAPL,179.21,140.48,165.41,135.42,152.55,179.24,140.5,165.44,135.47,152.57000000000002,62,91,21,79,21,10,87,58,39,5,164,-0.35,-35.0,6.0,17.0,-3.0,4.0
2025-01-01 09:31:37,AAPL,183.43,162.93,119.89,106.46,104.26,183.45,162.95000000000002,119.93,106.49,104.28,26,68,34,52,82,99,93,52,29,38,653,0.57,-36.0,-23.0,6.0,10.0,-33.0
2025-01-01 09:31:38,AAPL,189.21,195.53,178.69,131.54,168.81,189.24,195.55,178.73,131.54999999999998,168.86,21,28,75,34,8,59,86,72,49,79,954,0.04,-5.0,-40.0,41.0,-18.0,-74.0
2025-01-01 09:31:39,AAPL,115.02,173.74,151.22,168.02,104.17,115.03,173.78,151.23,168.03,104.18,5,20,21,58,31,11,52,15,83,7,598,-0.63,48.0,34.0,57.0,24.0,72.0
2025-01-01 09:31:40,AAPL,117.41,109.84,166.03,176.44,126.5,117.42,109.85,166.08,176.46,126.54,25,73,66,79,50,67,49,36,68,78,716,0.29,20.0,3.0,45.0,21.0,19.0
2025-01-01 09:31:41,AAPL,153.03,104.2,196.85,179.87,129.28,153.08,104.23,196.88,179.91,129.32,98,11,10,15,17,40,18,55,73,25,587,-0.14,73.0,31.0,-56.0,-64.0,-33.0
2025-01-01 09:31:42,AAPL,143.94,161.29,194.31,124.07,112.15,143.96,161.34,194.35,124.09,112.19,39,12,47,18,21,13,21,8,46,7,762,0.31,27.0,1.0,47.0,27.0,18.0
2025-01-01 09:31:43,AAPL,117.74,154.5,198.47,193.74,104.32,117.76,154.52,198.51,193.78,104.34,23,88,44,77,22,43,37,61,97,56,614,-0.4,-30.0,-16.0,-3.0,59.0,-49.0
2025-01-01 09:31:44,AAPL,156.5,168.89,187.33,163.63,176.11,156.52,168.92,187.34,163.65,176.15,65,4,99,96,64,98,89,10,21,46,330,0.23,42.0,-84.0,51.0,76.0,42.0
2025-01-01 09:31:45,AAPL,168.79,137.53,153.87,152.42,184.8,168.82999999999998,137.57,153.88,152.45999999999998,184.84,20,75,16,95,70,56,83,58,4,4,119,0.56,-45.0,6.0,-48.0,17.0,6.0
2025-01-01 09:31:46,AAPL,121.72,113.78,166.3,100.19,117.84,121.73,113.8,166.32000000000002,100.22,117.87,71,4,93,14,3,88,80,58,55,4,987,0.21,-32.0,3.0,77.0,-51.0,-0.0
2025-01-01 09:31:47,AAPL,167.65,180.5,126.98,182.5,149.83,167.66,180.51,127.0,182.54,149.87,31,64,19,48,45,94,55,55,97,18,930,-0.56,-40.0,60.0,3.0,34.0,42.0
2025-01-01 09:31:48,AAPL,159.82,173.57,199.83,193.31,164.26,159.85,173.61,199.87,193.32,164.29,78,75,9,90,16,69,61,10,50,3,718,-0.95,25.0,-6.0,-10.0,42.0,-29.0
2025-01-01 09:31:49,AAPL,183.17,127.31,151.81,129.87,194.07,183.19,127.34,151.85,129.91,194.09,49,21,74,64,5,70,90,4,39,35,740,0.56,-29.0,-29.0,6.0,11.0,-11.0
2025-01-01 09:31:50,AAPL,100.7,105.73,122.52,113.13,139.88,100.75,105.76,122.53,113.15,139.89,86,92,7,35,55,92,14,10,80,16,281,-0.14,-22.0,76.0,-6.0,-41.0,19.0
2025-01-01 09:31:51,AAPL,184.48,126.81,115.64,185.31,104.65,184.51,126.84,115.66,185.33,104.69,70,15,82,32,75,20,88,15,48,71,525,0.66,-16.0,-77.0,-5.0,-3.0,-55.0
2025-01-01 09:31:52,AAPL,178.77,162.44,149.45,197.96,114.5,178.81,162.46,149.47,197.98,114.55,12,61,41,33,50,68,71,86,33,81,763,-0.77,-48.0,46.0,-41.0,1.0,-25.0
2025-01-01 09:31:53,AAPL,186.01,172.28,106.77,170.78,154.35,186.02,172.31,106.8,170.8,154.4,57,66,74,98,16,51,39,86,76,88,393,0.61,45.0,5.0,0.0,-43.0,-34.0
2025-01-01 09:31:54,AAPL,145.92,105.2,178.63,120.14,125.86,145.94,105.22,178.67,120.17,125.88,85,79,86,92,14,27,40,58,28,26,980,-0.95,24.0,-1.0,12.0,48.0,62.0
2025-01-01 09:31:55,AAPL,106.52,146.39,190.92,153.87,149.78,106.53,146.42999999999998,190.96,153.9,149.82,51,11,12,74,8,24,92,41,36,85,171,0.6,3.0,-68.0,-74.0,-18.0,-6.0
2025-01-01 09:31:56,AAPL,139.6,191.51,153.3,115.8,169.59,139.64,191.53,153.34,115.85,169.61,40,33,92,1,8,32,48,4,94,70,465,-0.83,-11.0,22.0,37.0,-58.0,0.0
2025-01-01 09:31:57,AAPL,188.24,180.36,150.52,196.71,141.78,188.29,180.4,150.56,196.73,141.83,95,59,27,69,25,3,97,68,25,20,765,-0.84,55.0,-49.0,-64.0,68.0,50.0
2025-01-01 09:31:58,AAPL,173.15,118.74,185.82,181.91,154.08,173.19,118.76,185.85,181.95,154.11,85,88,98,86,3,76,92,30,90,21,255,0.65,-73.0,5.0,71.0,-65.0,-22.0
2025-01-01 09:31:59,AAPL,110.06,123.99,114.2,134.79,145.04,110.1,124.03,114.23,134.81,145.07999999999998,11,94,15,91,35,33,84,16,34,66,582,0.37,43.0,6.0,14.0,56.0,-45.0
2025-01-01 09:32:00,AAPL,106.96,117.49,185.57,122.72,183.7,106.98,117.53,185.61,122.75,183.72,63,21,99,57,53,46,14,76,17,39,492,0.58,-13.0,70.0,84.0,17.0,18.0
2025-01-01 09:32:01,AAPL,166.5,126.03,190.72,167.07,156.04,166.51,126.06,190.75,167.11,156.07,35,19,30,78,84,25,40,88,14,26,713,-0.44,-28.0,-2.0,-69.0,21.0,13.0
2025-01-01 09:32:02,AAPL,185.83,129.22,191.08,175.4,180.49,185.84,129.27,191.12,175.42000000000002,180.53,19,47,14,38,53,61,36,40,81,30,364,-0.98,-16.0,28.0,-16.0,-40.0,-31.0
2025-01-01 09:32:03,AAPL,146.88,130.13,159.84,129.72,129.99,146.92,130.14,159.89,129.76,130.03,86,41,55,16,93,62,48,30,12,35,878,0.99,-1.0,-6.0,10.0,69.0,-5.0
2025-01-01 09:32:04,AAPL,185.57,152.14,106.36,183.14,159.9,185.58,152.14999999999998,106.41,183.18,159.94,88,96,65,8,45,87,47,40,76,54,687,-0.07,2.0,55.0,-10.0,-8.0,-48.0
2025-01-01 09:32:05,AAPL,113.75,134.08,116.48,117.06,194.81,113.78,134.12,116.52,117.1,194.83,4,22,76,45,67,86,66,88,34,91,460,0.01,1.0,-19.0,11.0,42.0,22.0
2025-01-01 09:32:06,AAPL,163.41,107.09,125.44,136.19,147.25,163.42,107.11,125.46,136.24,147.27,99,40,14,35,48,84,56,49,13,61,148,-0.98,95.0,10.0,-62.0,-10.0,30.0
2025-01-01 09:32:07,AAPL,121.91,103.67,110.8,133.89,180.26,121.94,103.7,110.82,133.94,180.29,37,49,41,17,88,21,51,59,39,55,140,-0.94,63.0,5.0,-10.0,-26.0,40.0
2025-01-01 09:32:08,AAPL,167.54,104.49,145.06,192.94,116.52,167.57,104.53,145.11,192.98,116.54,61,33,45,90,92,69,8,25,91,46,442,0.44,24.0,-16.0,4.0,73.0,9.0
2025-01-01 09:32:09,AAPL,182.96,104.06,187.16,125.67,166.53,183.0,104.1,187.17,125.7,166.56,97,76,15,41,39,2,63,29,74,66,918,0.19,36.0,-55.0,-30.0,17.0,-53.0
2025-01-01 09:32:10,AAPL,101.01,163.61,191.33,161.26,187.37,101.05,163.62,191.38,161.26999999999998,187.4,40,2,81,41,12,35,65,55,45,79,456,-0.75,-33.0,-74.0,66.0,0.0,-27.0
2025-01-01 09:32:11,AAPL,155.86,134.32,172.92,165.23,184.56,155.9,134.35,172.95999999999998,165.25,184.58,30,60,98,32,67,67,28,44,79,41,162,-0.8,-10.0,37.0,11.0,-9.0,38.0
2025-01-01 09:32:12,AAPL,188.97,101.23,137.01,102.74,139.3,189.0,101.26,137.03,102.78,139.31,65,65,47,20,19,29,74,60,18,92,518,-0.32,35.0,-46.0,-16.0,61.0,-51.0
2025-01-01 09:32:13,AAPL,107.17,140.96,131.12,167.71,160.58,107.19,140.98000000000002,131.17000000000002,167.74,160.62,50,69,30,88,59,67,75,45,4,26,254,-0.58,-38.0,4.0,15.0,68.0,40.0
2025-01-01 09:32:14,AAPL,192.56,141.42,139.54,131.32,114.71,192.59,141.44,139.57999999999998,131.34,114.73,35,87,6,68,18,73,29,77,59,47,737,-0.22,-15.0,18.0,-24.0,-55.0,-21.0
2025-01-01 09:32:15,AAPL,138.55,134.04,154.14,115.41,155.37,138.58,134.07999999999998,154.17999999999998,115.44,155.39,32,51,85,46,21,44,11,68,1,92,379,1.0,29.0,18.0,79.0,58.0,3.0
2025-01-01 09:32:16,AAPL,115.05,181.68,120.73,178.24,173.46,115.07,181.7,120.77,178.27,173.5,8,28,5,17,36,19,64,91,98,11,921,0.07,25.0,-23.0,-23.0,-29.0,15.0
2025-01-01 09:32:17,AAPL,187.0,113.07,179.05,112.48,179.42,187.02,113.12,179.10000000000002,112.5,179.45,48,52,96,70,55,75,33,62,88,23,498,0.21,40.0,31.0,91.0,10.0,19.0
2025-01-01 09:32:18,AAPL,191.87,136.23,172.57,189.45,145.6,191.9,136.26,172.6,189.49,145.63,73,72,45,81,81,97,96,72,19,63,905,-0.49,25.0,20.0,-10.0,11.0,-40.0
2025-01-01 09:32:19,AAPL,103.08,197.15,122.07,173.4,176.26,103.13,197.16,122.11,173.43,176.29999999999998,21,80,76,66,41,24,35,56,30,57,833,-0.98,73.0,8.0,16.0,-11.0,-40.0
2025-01-01 09:32:20,AAPL,199.78,167.68,182.85,129.46,101.43,199.82,167.72,182.89,129.48000000000002,101.47,5,60,73,1,36,35,66,63,23,9,901,-0.84,-16.0,-31.0,-3.0,7.0,48.0
2025-01-01 09:32:21,AAPL,140.75,140.71,106.6,134.88,111.1,140.79,140.76000000000002,106.61,134.93,111.13,16,66,40,17,34,16,60,66,66,90,112,0.33,19.0,6.0,-3.0,16.0,-2.0
2025-01-01 09:32:22,AAPL,121.11,186.34,140.13,129.25,115.23,121.13,186.35,140.16,129.29,115.26,30,53,13,21,19,53,19,57,25,86,130,0.78,-37.0,-13.0,-27.0,41.0,-15.0
2025-01-01 09:32:23,AAPL,150.31,144.93,158.59,162.48,107.18,150.35,144.95000000000002,158.63,162.51999999999998,107.22,22,30,63,4,77,59,87,8,82,12,730,-0.68,-8.0,-68.0,50.0,-17.0,74.0
2025-01-01 09:32:24,AAPL,188.2,182.38,172.17,127.15,140.24,188.21,182.4,172.20999999999998,127.19,140.27,81,87,88,50,8,41,6,69,44,64,256,0.86,59.0,57.0,25.0,38.0,-69.0
2025-01-01 09:32:25,AAPL,182.67,112.99,156.5,186.65,157.18,182.72,113.04,156.53,186.68,157.23000000000002,51,37,17,58,87,90,29,33,60,91,828,0.41,-49.0,-23.0,36.0,8.0,79.0
2025-01-01 09:32:26,AAPL,100.44,116.7,171.3,166.64,196.6,100.48,116.75,171.34,166.66,196.61,83,83,12,37,42,17,48,28,41,99,402,-0.78,73.0,46.0,-5.0,19.0,-45.0
2025-01-01 09:32:27,AAPL,163.44,177.08,100.29,185.9,118.6,163.47,177.11,100.33,185.92,118.64,54,56,86,97,87,45,34,9,88,8,362,-0.75,-29.0,-27.0,19.0,60.0,91.0
2025-01-01 09:32:28,AAPL,173.71,197.46,105.22,168.22,146.82,173.74,197.47,105.23,168.26,146.86,54,10,53,44,47,53,74,46,13,37,201,-0.33,0.0,-46.0,-33.0,75.0,-40.0
2025-01-01 09:32:29,AAPL,101.93,112.44,141.36,149.29,140.43,101.96,112.47,141.37,149.32,140.48000000000002,60,90,65,84,28,16,47,81,92,58,894,0.15,37.0,27.0,12.0,-79.0,-21.0
2025-01-01 09:32:30,AAPL,107.64,138.26,136.77,118.17,143.55,107.66,138.28,136.81,118.19,143.59,12,16,80,43,77,7,51,73,32,75,875,0.57,-48.0,-74.0,8.0,60.0,49.0
2025-01-01 09:32:31,AAPL,178.04,145.8,139.8,130.29,106.57,178.06,145.82000000000002,139.83,130.32999999999998,106.6,90,4,90,9,5,56,96,84,50,75,242,0.12,78.0,-12.0,10.0,-34.0,-0.0
2025-01-01 09:32:32,AAPL,177.69,120.5,172.56,161.97,189.61,177.73,120.52,172.58,162.02,189.64,68,95,28,75,65,49,47,52,88,54,799,0.08,7.0,49.0,-62.0,66.0,60.0
2025-01-01 09:32:33,AAPL,106.06,169.0,169.01,193.06,149.73,106.08,169.01,169.04,193.08,149.76999999999998,96,61,21,46,69,6,38,62,86,62,309,0.09,43.0,-34.0,-10.0,-29.0,-8.0
2025-01-01 09:32:34,AAPL,118.03,145.86,156.09,186.4,148.13,118.08,145.9,156.11,186.45,148.16,95,28,70,41,16,68,99,48,56,64,798,0.96,-1.0,-61.0,14.0,30.0,-2.0
2025-01-01 09:32:35,AAPL,156.95,125.95,143.7,159.36,107.31,156.98,126.0,143.72,159.4,107.36,98,17,43,80,66,34,8,13,8,94,451,-0.38,3.0,91.0,35.0,48.0,-30.0
2025-01-01 09:32:36,AAPL,123.2,145.82,178.13,196.02,176.36,123.24,145.85,178.17,196.06,176.39,28,42,43,85,88,42,66,55,72,48,702,-0.49,-8.0,25.0,0.0,5.0,22.0
2025-01-01 09:32:37,AAPL,124.58,140.28,189.46,100.04,190.14,124.6,140.33,189.51,100.07,190.17,71,67,84,20,94,35,99,91,90,78,116,0.58,43.0,-33.0,41.0,-18.0,6.0
2025-01-01 09:32:38,AAPL,125.1,156.41,135.86,165.66,124.04,125.12,156.46,135.87,165.69,124.06,5,65,17,22,98,41,93,68,69,11,923,0.16,-66.0,-2.0,23.0,2.0,67.0
2025-01-01 09:32:39,AAPL,151.67,175.88,128.25,135.31,189.41,151.72,175.93,128.28,135.35,189.44,15,93,8,41,19,46,28,91,68,15,520,-0.08,10.0,28.0,-23.0,1.0,-79.0
2025-01-01 09:32:40,AAPL,109.51,182.67,104.76,172.67,177.39,109.53,182.71,104.79,172.7,177.39999999999998,23,69,95,53,62,41,57,60,54,70,456,0.45,5.0,-24.0,31.0,12.0,-55.0
2025-01-01 09:32:41,AAPL,120.06,120.36,101.01,143.75,188.27,120.07,120.38,101.03,143.79,188.31,41,69,13,87,58,50,30,62,25,27,305,-0.75,18.0,27.0,-2.0,29.0,-4.0
2025-01-01 09:32:42,AAPL,133.7,199.95,140.58,122.05,176.25,133.73,199.97,140.61,122.08,176.29,32,59,34,9,81,11,96,10,86,17,935,0.9,-9.0,-10.0,21.0,-61.0,10.0
2025-01-01 09:32:43,AAPL,163.22,112.99,156.01,178.07,170.85,163.24,113.04,156.04,178.09,170.87,39,70,1,23,39,57,81,34,41,93,172,-0.31,7.0,15.0,-33.0,14.0,-76.0
2025-01-01 09:32:44,AAPL,133.56,197.85,185.65,170.12,172.71,133.59,197.9,185.68,170.15,172.73000000000002,32,96,68,18,83,43,35,78,58,33,369,0.69,14.0,26.0,67.0,-17.0,44.0
2025-01-01 09:32:45,AAPL,109.75,155.9,150.11,170.62,153.43,109.78,155.93,150.13000000000002,170.65,153.44,64,62,99,19,76,80,43,74,89,20,194,-0.38,-37.0,-8.0,4.0,1.0,13.0
2025-01-01 09:32:46,AAPL,129.0,187.14,167.27,179.67,125.05,129.03,187.17,167.31,179.72,125.06,80,72,97,12,53,75,5,27,12,17,196,-0.14,16.0,10.0,-2.0,-7.0,3.0
2025-01-01 09:32:47,AAPL,187.8,160.55,124.71,135.59,108.39,187.82,160.59,124.72,135.61,108.42,33,13,84,54,7,79,87,14,87,19,227,0.5,-47.0,-82.0,13.0,-75.0,-2.0
2025-01-01 09:32:48,AAPL,110.14,127.79,127.63,143.2,198.04,110.15,127.82,127.65,143.25,198.05,62,41,69,82,90,84,41,49,91,49,303,-0.85,-5.0,46.0,-15.0,28.0,83.0
2025-01-01 09:32:49,AAPL,160.55,151.68,174.02,163.07,154.96,160.59,151.70000000000002,174.05,163.09,155.01000000000002,20,91,41,54,20,19,84,99,66,30,408,-0.97,-42.0,50.0,-28.0,-28.0,19.0
2025-01-01 09:32:50,AAPL,196.5,125.09,167.6,170.66,161.0,196.52,125.11,167.63,170.7,161.05,26,89,10,53,79,59,22,51,48,21,990,0.54,6.0,62.0,48.0,-1.0,59.0
2025-01-01 09:32:51,AAPL,162.52,137.36,105.05,162.75,138.56,162.57000000000002,137.39,105.1,162.77,138.6,46,32,32,6,48,38,17,74,27,54,789,-0.81,21.0,-57.0,-23.0,21.0,-33.0
2025-01-01 09:32:52,AAPL,174.84,191.45,143.4,125.87,143.44,174.88,191.46,143.43,125.9,143.48,42,50,84,40,39,23,96,52,47,63,836,-0.57,-4.0,18.0,52.0,-20.0,-9.0
2025-01-01 09:32:53,AAPL,127.08,124.76,106.25,145.89,173.27,127.11,124.8,106.26,145.94,173.31,38,19,36,59,63,77,46,3,74,65,987,0.98,-54.0,50.0,49.0,19.0,24.0
2025-01-01 09:32:54,AAPL,129.15,177.07,142.75,120.62,179.97,129.17000000000002,177.11,142.8,120.66,179.98,59,85,2,61,58,60,40,36,37,79,191,-0.16,21.0,66.0,-34.0,37.0,-5.0
2025-01-01 09:32:55,AAPL,150.01,178.51,159.88,120.11,159.02,150.04,178.54,159.89,120.13,159.04000000000002,3,78,38,1,38,85,29,5,74,92,120,0.49,-56.0,-7.0,36.0,-37.0,-13.0
2025-01-01 09:32:56,AAPL,172.06,182.65,144.62,180.58,100.8,172.11,182.68,144.65,180.6,100.84,52,88,25,55,46,32,55,96,5,36,721,-0.29,49.0,10.0,-91.0,54.0,56.0
2025-01-01 09:32:57,AAPL,150.56,194.11,187.63,110.26,139.27,150.59,194.14,187.65,110.3,139.31,81,76,87,80,67,30,57,86,73,29,338,0.35,2.0,-12.0,62.0,-68.0,21.0
2025-01-01 09:32:58,AAPL,117.93,169.39,122.96,111.76,116.53,117.94,169.42999999999998,123.0,111.79,116.55,33,30,81,32,42,78,10,36,34,73,333,0.22,-48.0,47.0,50.0,-48.0,-44.0
2025-01-01 09:32:59,AAPL,124.54,105.77,139.1,123.42,121.96,124.59,105.8,139.13,123.45,121.99,19,67,74,40,47,65,29,50,98,13,857,0.15,-14.0,-19.0,-7.0,8.0,5.0
2025-01-01 09:33:00,AAPL,102.21,194.51,169.66,149.57,193.31,102.24,194.56,169.69,149.57999999999998,193.35,67,7,58,49,53,65,62,17,43,25,350,-0.05,0.0,-60.0,-16.0,9.0,6.0
2025-01-01 09:33:01,AAPL,156.07,162.84,168.86,125.33,101.0,156.11,162.87,168.9,125.37,101.04,51,71,78,29,83,19,66,41,45,15,998,-0.97,-16.0,-4.0,-24.0,-2.0,10.0
2025-01-01 09:33:02,AAPL,140.97,164.78,101.55,128.09,120.8,140.98,164.81,101.57,128.13,120.84,57,49,45,82,66,77,45,79,20,64,320,0.12,-58.0,-22.0,-38.0,53.0,-17.0
2025-01-01 09:33:03,AAPL,132.12,122.01,135.05,137.25,106.87,132.14,122.04,135.09,137.29,106.91,91,30,2,62,49,9,92,31,98,61,603,0.1,68.0,-47.0,-43.0,-20.0,3.0
2025-01-01 09:33:04,AAPL,106.65,176.65,158.37,178.2,175.17,106.69,176.68,158.39,178.23999999999998,175.2,29,59,71,92,9,92,6,29,58,17,499,0.52,-83.0,29.0,69.0,30.0,-40.0
2025-01-01 09:33:05,AAPL,159.72,165.41,188.91,157.88,163.24,159.74,165.44,188.95,157.9,163.26000000000002,59,57,40,59,2,94,94,76,10,44,494,-0.62,30.0,-88.0,-31.0,48.0,-27.0
2025-01-01 09:33:06,AAPL,107.7,169.62,138.28,182.18,165.95,107.74,169.64,138.32,182.2,166.0,94,61,1,94,45,96,28,21,13,27,967,0.65,-2.0,4.0,55.0,35.0,43.0
2025-01-01 09:33:07,AAPL,106.31,177.68,182.16,146.15,198.33,106.35,177.72,182.2,146.17000000000002,198.35,37,63,22,70,21,96,35,79,5,60,219,0.72,-0.0,2.0,21.0,8.0,-24.0
2025-01-01 09:33:08,AAPL,178.38,142.9,120.11,151.42,173.62,178.41,142.94,120.12,151.45999999999998,173.66,38,48,27,20,12,43,61,31,91,96,672,0.72,1.0,-26.0,48.0,-50.0,-36.0
2025-01-01 09:33:09,AAPL,199.76,124.15,104.04,141.12,113.01,199.77,124.17,104.08,141.15,113.03,48,35,86,38,31,78,24,49,96,32,794,0.67,10.0,37.0,-18.0,-5.0,64.0
2025-01-01 09:33:10,AAPL,161.95,156.34,162.46,186.44,158.69,161.98,156.39,162.5,186.47,158.73,43,25,20,48,83,87,24,11,98,55,639,0.06,-9.0,-10.0,-66.0,10.0,52.0
2025-01-01 09:33:11,AAPL,121.16,199.56,198.11,164.95,180.44,121.2,199.59,198.12,164.98,180.48,55,54,82,87,75,21,44,5,87,41,670,0.39,66.0,29.0,62.0,11.0,-8.0
2025-01-01 09:33:12,AAPL,164.86,127.53,115.62,163.59,159.93,164.88000000000002,127.57,115.65,163.63,159.97,14,50,20,50,33,59,43,79,12,40,217,0.37,-41.0,1.0,-74.0,75.0,1.0
2025-01-01 09:33:13,AAPL,191.02,163.9,195.35,188.16,158.45,191.06,163.94,195.36,188.2,158.45999999999998,43,22,20,8,29,40,90,30,81,84,727,-0.51,29.0,-28.0,0.0,-42.0,-44.0
2025-01-01 09:33:14,AAPL,169.07,159.68,150.16,197.62,168.35,169.1,159.72,150.21,197.64,168.37,37,81,95,57,8,79,95,94,20,53,730,-0.21,-39.0,-5.0,-64.0,49.0,-21.0
2025-01-01 09:33:15,AAPL,166.93,189.19,130.61,155.19,178.94,166.96,189.21,130.64,155.2,178.99,32,52,15,84,3,37,40,72,40,56,459,-0.59,42.0,-29.0,22.0,-20.0,-5.0
2025-01-01 09:33:16,AAPL,163.06,121.97,102.05,182.66,136.56,163.08,121.99,102.1,182.68,136.61,82,64,38,88,87,22,2,31,11,92,401,0.61,15.0,38.0,41.0,4.0,-36.0
2025-01-01 09:33:17,AAPL,113.71,158.07,150.55,114.41,162.4,113.73,158.1,150.56,114.44,162.42000000000002,57,55,53,56,98,9,22,13,89,48,629,0.33,13.0,-9.0,15.0,-78.0,11.0
2025-01-01 09:33:18,AAPL,177.7,186.22,131.39,153.8,184.01,177.75,186.27,131.41,153.82000000000002,184.04,80,73,63,76,44,38,83,60,71,99,147,-0.19,23.0,18.0,-47.0,20.0,-54.0
2025-01-01 09:33:19,AAPL,132.82,145.4,176.24,112.6,119.64,132.87,145.42000000000002,176.27,112.63,119.67,95,54,4,39,72,25,77,32,59,63,521,0.71,13.0,6.0,-59.0,12.0,36.0
2025-01-01 09:33:20,AAPL,116.53,185.43,149.08,140.66,190.32,116.56,185.46,149.11,140.68,190.36,32,99,10,3,59,76,49,59,31,93,354,-0.32,-51.0,45.0,-27.0,-36.0,-13.0
2025-01-01 09:33:21,AAPL,198.85,102.52,125.26,152.01,152.2,198.88,102.56,125.29,152.04,152.20999999999998,77,81,54,36,97,1,15,77,17,24,157,-0.53,45.0,34.0,-18.0,33.0,69.0
2025-01-01 09:33:22,AAPL,194.85,194.47,160.99,192.45,178.58,194.88,194.48,161.03,192.49,178.61,82,17,30,13,96,93,94,82,13,43,705,-0.59,-92.0,-64.0,-24.0,-23.0,-1.0
2025-01-01 09:33:23,AAPL,134.04,151.06,161.51,191.06,150.99,134.07,151.07,161.51999999999998,191.09,151.02,54,1,44,99,75,98,80,9,32,15,239,0.45,-5.0,14.0,14.0,-19.0,28.0
2025-01-01 09:33:24,AAPL,111.16,160.83,128.1,117.35,137.98,111.2,160.86,128.14,117.37,138.01999999999998,32,93,85,85,40,23,56,6,86,50,713,-0.96,75.0,92.0,3.0,-54.0,-35.0
2025-01-01 09:33:25,AAPL,182.69,152.47,177.52,123.44,134.51,182.7,152.52,177.56,123.49,134.53,17,6,19,56,28,66,38,37,68,86,317,0.83,-15.0,18.0,-66.0,-29.0,-36.0
2025-01-01 09:33:26,AAPL,133.98,145.56,167.81,154.3,134.69,134.01,145.6,167.83,154.32000000000002,134.71,28,1,42,82,48,40,97,63,76,72,571,-0.25,26.0,-59.0,-26.0,26.0,20.0
2025-01-01 09:33:27,AAPL,192.86,106.18,109.24,116.28,159.52,192.88,106.23,109.27,116.31,159.54000000000002,73,26,20,64,10,83,67,24,5,67,382,-0.89,45.0,30.0,39.0,71.0,-38.0
2025-01-01 09:33:28,AAPL,100.69,121.24,166.35,141.12,140.24,100.74,121.29,166.4,141.14,140.28,1,89,66,30,3,21,89,84,49,86,568,0.47,62.0,63.0,46.0,-34.0,-19.0
2025-01-01 09:33:29,AAPL,153.15,128.79,149.28,129.99,159.61,153.18,128.81,149.29,130.02,159.66000000000005,47,87,68,91,18,21,92,99,86,23,291,0.8,46.0,-2.0,-15.0,-37.0,15.0
2025-01-01 09:33:30,AAPL,139.95,132.68,101.08,182.66,180.1,139.95999999999998,132.71,101.11,182.67,180.15,93,69,73,59,2,65,60,51,30,11,207,-0.79,-44.0,-18.0,48.0,-32.0,-16.0
2025-01-01 09:33:31,AAPL,117.25,156.8,129.64,193.83,181.87,117.3,156.82000000000002,129.69,193.86,181.89,31,52,89,76,1,55,22,40,1,65,860,0.16,10.0,-17.0,16.0,17.0,-1.0
2025-01-01 09:33:32,AAPL,135.92,182.36,182.07,147.74,135.08,135.94,182.4,182.09,147.76000000000002,135.09,81,78,45,6,35,14,72,61,15,54,608,-0.23,50.0,26.0,-44.0,-14.0,11.0
2025-01-01 09:33:33,AAPL,145.91,130.33,193.26,111.86,193.37,145.95,130.36,193.27,111.89,193.4,70,59,64,18,4,17,14,78,13,7,483,-0.52,-11.0,58.0,19.0,2.0,-31.0
2025-01-01 09:33:34,AAPL,151.23,177.36,104.4,169.33,164.82,151.25,177.4,104.45,169.34,164.84,17,71,50,65,99,32,36,13,70,58,227,0.32,-53.0,12.0,65.0,47.0,-51.0
2025-01-01 09:33:35,AAPL,107.01,139.53,118.18,115.68,182.73,107.02,139.56,118.2,115.73,182.76,8,24,15,43,31,73,45,66,8,71,603,-0.07,-41.0,-9.0,-35.0,62.0,-68.0
2025-01-01 09:33:36,AAPL,137.96,131.66,128.57,109.14,131.48,137.97,131.7,128.6,109.17,131.53,23,69,94,6,56,4,93,23,6,32,717,0.69,15.0,-48.0,79.0,2.0,39.0
2025-01-01 09:33:37,AAPL,148.4,151.41,130.85,157.3,132.52,148.41,151.43,130.86,157.35000000000002,132.57000000000002,68,81,41,83,5,32,86,70,35,22,292,-0.2,45.0,12.0,-53.0,77.0,-51.0
2025-01-01 09:33:38,AAPL,178.33,126.59,199.03,102.58,160.35,178.37,126.63,199.04,102.63,160.37,83,47,69,47,87,30,25,28,98,25,685,0.8,15.0,61.0,28.0,-63.0,82.0
2025-01-01 09:33:39,AAPL,108.41,139.31,110.02,101.66,166.17,108.44,139.33,110.04,101.67,166.20999999999998,45,7,81,64,64,2,76,42,82,54,430,-0.16,28.0,-40.0,-14.0,16.0,-23.0
2025-01-01 09:33:40,AAPL,100.97,185.8,173.12,194.68,178.16,100.99,185.82,173.16,194.7,178.19,2,90,59,27,27,79,72,7,63,46,674,-0.9,-77.0,83.0,-22.0,-37.0,-37.0
2025-01-01 09:33:41,AAPL,142.61,183.24,180.56,122.43,122.61,142.65,183.29,180.57,122.46,122.63,76,30,23,16,14,74,71,52,37,29,294,-0.03,74.0,1.0,-36.0,26.0,17.0
2025-01-01 09:33:42,AAPL,169.38,155.28,121.63,120.86,129.64,169.43,155.31,121.67,120.88,129.67,96,16,18,69,54,30,45,19,87,34,752,-0.51,20.0,26.0,33.0,-50.0,40.0
2025-01-01 09:33:43,AAPL,197.6,134.48,133.73,131.19,112.21,197.61,134.51999999999998,133.78,131.23,112.23,32,4,50,82,5,20,87,75,37,22,935,-0.46,-64.0,-42.0,32.0,13.0,12.0
2025-01-01 09:33:44,AAPL,108.12,199.26,115.62,198.84,197.73,108.16,199.3,115.65,198.88,197.75,53,32,66,59,10,2,66,60,88,17,963,0.7,18.0,28.0,15.0,-23.0,5.0
2025-01-01 09:33:45,AAPL,120.15,193.44,168.91,182.33,155.62,120.19,193.45,168.95,182.34,155.67000000000002,92,96,65,47,92,53,71,2,24,4,207,-0.88,39.0,-5.0,-1.0,64.0,13.0
2025-01-01 09:33:46,AAPL,128.78,109.33,196.38,113.51,115.18,128.83,109.38,196.42,113.52,115.19,84,38,28,25,96,10,60,42,40,97,944,0.32,-8.0,11.0,-37.0,-16.0,-93.0
2025-01-01 09:33:47,AAPL,165.22,125.11,165.04,121.23,112.2,165.26,125.12,165.09,121.25,112.23,12,40,73,76,90,73,10,96,98,48,887,-0.03,-72.0,2.0,-54.0,51.0,49.0
2025-01-01 09:33:48,AAPL,177.75,167.28,172.43,149.26,163.34,177.79,167.31,172.47,149.29,163.36,24,21,10,78,18,88,14,34,58,76,249,-0.71,12.0,-19.0,-63.0,2.0,-72.0
2025-01-01 09:33:49,AAPL,171.47,129.34,152.55,169.78,190.03,171.51,129.38,152.59,169.83,190.05,96,16,59,69,68,21,78,95,78,70,495,-0.35,67.0,-64.0,-61.0,-9.0,50.0
2025-01-01 09:33:50,AAPL,166.51,155.66,134.27,113.46,109.44,166.54999999999998,155.71,134.31,113.47,109.47,78,79,43,97,31,99,17,92,83,54,289,0.08,-78.0,63.0,3.0,-5.0,16.0
2025-01-01 09:33:51,AAPL,185.12,195.76,156.57,151.45,108.51,185.15,195.79,156.6,151.48,108.53,1,84,44,87,96,75,39,54,88,75,153,0.75,-77.0,5.0,1.0,-10.0,-21.0
2025-01-01 09:33:52,AAPL,199.56,158.27,181.25,132.69,130.57,199.59,158.31,181.29,132.71,130.59,3,60,35,69,91,76,84,20,73,39,871,-0.15,2.0,-45.0,-9.0,15.0,-5.0
2025-01-01 09:33:53,AAPL,199.47,109.25,178.03,167.37,176.75,199.49,109.28,178.07,167.39,176.77,72,42,90,26,23,43,77,28,9,20,539,-0.89,33.0,7.0,-8.0,-43.0,-68.0
2025-01-01 09:33:54,AAPL,110.55,158.56,154.43,123.37,163.78,110.59,158.57,154.46,123.41,163.8,42,92,65,99,72,59,52,47,7,11,458,-0.07,-16.0,50.0,-19.0,2.0,9.0
2025-01-01 09:33:55,AAPL,118.99,170.17,155.65,135.86,191.13,119.0,170.19,155.66,135.9,191.17,57,4,75,96,49,7,11,92,54,87,528,-0.76,15.0,-88.0,10.0,-3.0,-23.0
2025-01-01 09:33:56,AAPL,158.45,196.93,137.78,106.2,133.93,158.48,196.95,137.82,106.25,133.96,30,93,45,79,89,51,47,53,64,38,419,0.63,-27.0,89.0,39.0,-10.0,49.0
2025-01-01 09:33:57,AAPL,194.05,164.88,195.46,115.14,147.74,194.08,164.91,195.49,115.16,147.76000000000002,53,60,34,4,17,4,43,90,4,1,170,0.19,23.0,4.0,-11.0,-75.0,-72.0
2025-01-01 09:33:58,AAPL,187.19,157.7,134.55,180.3,154.03,187.2,157.73,134.60000000000002,180.33,154.05,16,99,47,59,31,4,37,17,39,48,138,0.0,-0.0,6.0,73.0,55.0,14.0
2025-01-01 09:33:59,AAPL,120.08,131.5,179.14,191.58,135.98,120.1,131.52,179.17999999999998,191.6,136.03,90,6,70,44,72,24,86,19,18,95,865,0.87,-20.0,-49.0,23.0,-15.0,-47.0
2025-01-01 09:34:00,AAPL,167.23,148.13,180.97,195.05,102.21,167.28,148.14,181.01,195.07,102.23,15,2,52,44,54,18,3,7,43,82,847,0.5,-75.0,-4.0,-18.0,0.0,13.0
2025-01-01 09:34:01,AAPL,190.55,183.54,119.69,144.12,119.94,190.57,183.57,119.7,144.14,119.99,42,25,57,85,55,16,95,14,39,28,323,-0.56,27.0,23.0,-7.0,4.0,1.0
2025-01-01 09:34:02,AAPL,162.57,157.16,118.48,105.96,160.44,162.61,157.19,118.5,106.0,160.45,29,3,83,10,92,29,79,35,6,12,722,0.71,-13.0,16.0,-21.0,33.0,37.0
2025-01-01 09:34:03,AAPL,195.24,188.36,127.06,119.42,147.44,195.25,188.37,127.09,119.45,147.49,9,60,78,77,71,15,71,98,41,22,507,0.05,-20.0,57.0,-5.0,67.0,-10.0
2025-01-01 09:34:04,AAPL,145.12,133.04,158.92,145.43,145.16,145.17000000000002,133.09,158.95999999999998,145.47,145.2,36,23,43,6,69,43,25,18,62,13,654,0.11,-28.0,46.0,-35.0,-71.0,9.0
2025-01-01 09:34:05,AAPL,107.68,100.42,167.04,164.18,141.08,107.71,100.45,167.04999999999998,164.20000000000002,141.10000000000002,98,67,26,8,6,80,24,48,94,45,368,-0.66,-37.0,1.0,-17.0,2.0,-32.0
2025-01-01 09:34:06,AAPL,105.1,161.75,120.78,158.77,111.24,105.12,161.79,120.81,158.81,111.28,19,35,53,26,14,45,44,88,65,51,986,0.22,35.0,-32.0,-40.0,29.0,-6.0
2025-01-01 09:34:07,AAPL,101.67,119.48,181.05,127.27,173.16,101.69,119.51,181.06,127.29,173.21,99,98,99,40,80,38,77,87,54,22,627,0.27,7.0,-33.0,46.0,11.0,66.0
2025-01-01 09:34:08,AAPL,176.89,199.41,101.11,173.02,157.18,176.92,199.43,101.14,173.04000000000002,157.20000000000002,87,43,23,96,30,77,18,87,79,97,412,-0.6,-12.0,-55.0,-0.0,56.0,-75.0
2025-01-01 09:34:09,AAPL,131.5,122.46,106.92,182.75,125.45,131.53,122.47,106.96,182.77,125.49,57,31,21,90,40,45,77,49,87,20,200,0.82,32.0,-59.0,-2.0,-6.0,77.0
2025-01-01 09:34:10,AAPL,106.09,169.4,118.28,131.9,141.55,106.14,169.42000000000002,118.29,131.92000000000002,141.56,3,99,97,24,19,18,64,88,35,62,100,-0.61,27.0,68.0,76.0,52.0,-21.0
2025-01-01 09:34:11,AAPL,102.26,186.17,157.71,189.07,159.69,102.3,186.2,157.75,189.12,159.72,19,97,34,80,55,18,34,89,45,6,120,-0.15,0.0,-2.0,-63.0,56.0,36.0
2025-01-01 09:34:12,AAPL,161.54,108.16,108.78,117.18,151.81,161.56,108.18,108.81,117.22,151.82,63,40,9,9,26,4,81,16,15,99,988,0.77,44.0,-47.0,73.0,30.0,-93.0
2025-01-01 09:34:13,AAPL,145.85,156.46,166.3,167.91,193.17,145.9,156.5,166.32000000000002,167.96,193.18,9,94,11,99,42,13,36,13,12,37,173,0.82,-9.0,54.0,2.0,90.0,16.0
2025-01-01 09:34:14,AAPL,104.03,151.22,168.05,193.17,162.04,104.07,151.23,168.08,193.19,162.09,95,89,31,50,20,55,81,2,25,13,733,0.15,-42.0,-45.0,20.0,-49.0,24.0
2025-01-01 09:34:15,AAPL,120.68,150.45,131.22,142.75,164.52,120.72,150.47,131.25,142.77,164.54000000000002,16,88,68,15,89,55,35,55,14,49,566,0.91,-79.0,46.0,-53.0,11.0,69.0
2025-01-01 09:34:16,AAPL,137.67,133.92,106.24,148.62,110.9,137.69,133.94,106.28,148.67000000000002,110.92,77,7,27,10,34,36,25,6,24,18,314,0.71,61.0,10.0,49.0,-5.0,31.0
2025-01-01 09:34:17,AAPL,132.82,105.38,166.94,123.13,124.36,132.84,105.39,166.96,123.14,124.39,48,21,54,56,94,59,72,51,20,96,825,0.72,-23.0,-47.0,27.0,4.0,60.0
2025-01-01 09:34:18,AAPL,113.17,170.5,174.2,167.77,125.23,113.21,170.52,174.20999999999998,167.81,125.26,71,44,87,41,75,42,33,50,63,37,798,0.21,17.0,23.0,33.0,-15.0,-19.0
2025-01-01 09:34:19,AAPL,146.09,182.87,182.96,170.94,110.54,146.13,182.91,183.0,170.96,110.59,24,23,82,50,78,79,79,70,27,15,661,0.26,-47.0,-21.0,-5.0,9.0,22.0
2025-01-01 09:34:20,AAPL,127.06,124.88,194.21,129.83,177.55,127.09,124.9,194.22,129.86,177.60000000000002,62,79,78,93,98,82,71,93,31,64,864,-0.17,-3.0,8.0,-4.0,-4.0,20.0
2025-01-01 09:34:21,AAPL,106.31,139.68,147.4,145.13,186.92,106.34,139.71,147.43,145.17,186.97,50,43,17,80,58,2,4,85,39,98,961,0.19,80.0,-36.0,8.0,-13.0,-40.0
2025-01-01 09:34:22,AAPL,199.57,143.53,192.07,134.5,105.47,199.59,143.56,192.09,134.51,105.52,64,86,22,34,55,29,38,97,18,71,994,-0.14,14.0,43.0,5.0,21.0,27.0
2025-01-01 09:34:23,AAPL,111.91,151.24,134.88,137.48,162.13,111.95,151.25,134.89,137.53,162.15,87,88,56,13,56,18,54,77,43,39,288,0.02,11.0,2.0,20.0,-21.0,1.0
2025-01-01 09:34:24,AAPL,186.14,186.6,100.99,177.8,146.07,186.19,186.63,101.04,177.84,146.09,65,68,49,52,29,21,90,78,9,47,943,0.91,-22.0,-20.0,-1.0,39.0,-8.0
2025-01-01 09:34:25,AAPL,112.19,101.83,190.41,106.86,199.19,112.24,101.85,190.44,106.88,199.22,57,55,60,99,62,30,93,22,75,84,225,-0.01,-9.0,-3.0,11.0,-66.0,33.0
2025-01-01 09:34:26,AAPL,133.02,110.68,195.34,106.02,129.77,133.04000000000002,110.7,195.36,106.06,129.78,56,19,57,44,98,35,1,52,85,93,809,-0.84,-1.0,-36.0,-3.0,-10.0,-9.0
2025-01-01 09:34:27,AAPL,195.54,124.7,185.96,116.88,185.39,195.55,124.73,186.0,116.93,185.44,59,23,7,44,53,71,79,34,46,68,305,0.09,3.0,4.0,18.0,0.0,-45.0
2025-01-01 09:34:28,AAPL,115.99,169.12,116.76,131.03,150.33,116.03,169.16,116.8,131.05,150.36,70,83,18,6,45,97,23,23,26,77,490,-0.48,-26.0,60.0,11.0,-38.0,-9.0
2025-01-01 09:34:29,AAPL,196.96,173.47,169.96,185.29,111.58,197.0,173.5,170.0,185.32,111.61,80,78,29,26,35,79,67,87,29,34,708,0.88,10.0,-5.0,11.0,20.0,43.0
2025-01-01 09:34:30,AAPL,191.76,188.75,162.54,180.83,106.9,191.78,188.77,162.57999999999998,180.85,106.92,98,30,21,60,81,97,74,63,42,51,815,0.2,-18.0,-48.0,24.0,-13.0,-17.0
2025-01-01 09:34:31,AAPL,169.61,136.25,182.4,120.41,146.9,169.65,136.27,182.41,120.46,146.92000000000002,87,60,22,63,90,97,75,74,25,48,526,-0.83,-0.0,-1.0,1.0,17.0,9.0
2025-01-01 09:34:32,AAPL,120.21,154.55,120.71,154.4,123.16,120.25,154.58,120.73,154.44,123.18,17,50,94,40,58,75,85,21,18,55,251,-0.84,22.0,-10.0,53.0,-23.0,-7.0
2025-01-01 09:34:33,AAPL,187.66,172.89,130.15,159.94,120.13,187.71,172.89999999999998,130.16,159.97,120.16,47,9,77,79,27,15,92,19,90,52,637,-0.15,30.0,-41.0,-17.0,39.0,3.0
2025-01-01 09:34:34,AAPL,134.21,196.16,144.49,148.9,135.16,134.26000000000002,196.19,144.53,148.94,135.18,49,55,26,99,72,52,7,46,46,16,507,0.69,-37.0,46.0,-51.0,44.0,45.0
2025-01-01 09:34:35,AAPL,139.51,105.13,140.19,167.38,145.04,139.54999999999998,105.15,140.23,167.4,145.07999999999998,43,26,90,78,71,33,26,45,84,63,535,0.06,-6.0,-19.0,1.0,-21.0,-1.0
2025-01-01 09:34:36,AAPL,139.58,161.32,180.56,129.97,196.21,139.61,161.35,180.6,130.01,196.24,48,40,66,73,87,79,77,23,81,48,479,0.48,5.0,14.0,-24.0,3.0,16.0
2025-01-01 09:34:37,AAPL,185.7,193.87,149.24,170.09,185.56,185.73,193.89,149.29000000000002,170.12,185.59,22,18,12,52,94,51,71,96,48,19,873,-0.59,-26.0,-22.0,-73.0,-21.0,29.0
2025-01-01 09:34:38,AAPL,185.14,108.43,135.61,168.04,127.41,185.18,108.47,135.65,168.04999999999998,127.43,70,17,26,21,72,21,11,38,72,88,992,-0.13,30.0,60.0,58.0,-24.0,-69.0
2025-01-01 09:34:39,AAPL,195.31,171.92,193.02,152.76,125.89,195.32,171.95999999999998,193.03,152.78,125.92,12,4,42,13,98,85,86,4,82,69,118,0.85,-58.0,-13.0,16.0,-10.0,19.0
2025-01-01 09:34:40,AAPL,176.22,159.17,119.2,166.67,162.34,176.25,159.2,119.23,166.69,162.37,10,85,84,8,36,93,76,14,54,85,953,0.12,-8.0,10.0,-10.0,-5.0,-62.0
2025-01-01 09:34:41,AAPL,134.7,193.29,192.26,150.24,132.79,134.73999999999998,193.3,192.29,150.26000000000002,132.84,6,17,51,38,24,51,10,72,21,70,952,-0.44,42.0,-68.0,-33.0,33.0,15.0
2025-01-01 09:34:42,AAPL,145.76,147.54,178.3,175.02,145.68,145.79999999999998,147.54999999999998,178.32000000000002,175.06,145.71,26,25,75,23,98,57,52,87,93,31,675,0.1,20.0,-42.0,-15.0,-15.0,74.0
2025-01-01 09:34:43,AAPL,194.38,125.09,110.06,139.33,161.67,194.42,125.11,110.1,139.35000000000002,161.7,30,44,53,10,87,52,49,11,66,58,317,0.73,4.0,3.0,76.0,27.0,-11.0
2025-01-01 09:34:44,AAPL,160.08,170.09,128.52,163.08,145.56,160.11,170.13,128.54000000000002,163.10000000000002,145.61,53,8,18,57,5,26,30,54,13,83,896,-0.56,26.0,-36.0,-35.0,47.0,-25.0
2025-01-01 09:34:45,AAPL,151.53,110.24,175.18,190.62,174.34,151.56,110.28,175.22,190.63,174.37,90,88,76,16,23,40,60,73,32,15,496,0.3,-14.0,-30.0,58.0,-41.0,18.0
2025-01-01 09:34:46,AAPL,189.92,162.35,113.13,130.97,120.18,189.97,162.39,113.17,130.99,120.2,85,70,65,4,11,26,61,37,23,93,952,-0.06,-5.0,-18.0,36.0,9.0,-78.0
2025-01-01 09:34:47,AAPL,114.8,198.47,120.91,113.04,120.35,114.84,198.5,120.94,113.05,120.36,12,90,97,92,9,12,69,54,54,28,411,-0.76,14.0,20.0,32.0,-31.0,-2.0
2025-01-01 09:34:48,AAPL,197.7,118.69,144.53,148.81,181.31,197.71,118.72,144.57,148.83,181.35,51,74,43,15,38,15,5,93,83,54,406,-0.59,39.0,64.0,-54.0,-77.0,29.0
2025-01-01 09:34:49,AAPL,195.46,191.85,104.7,133.88,140.51,195.48,191.89,104.74,133.92,140.54999999999998,63,98,78,4,93,41,45,50,79,28,781,0.85,-26.0,24.0,43.0,4.0,26.0
2025-01-01 09:34:50,AAPL,123.04,128.92,136.94,166.37,111.82,123.09,128.95999999999998,136.97,166.41,111.83,62,38,23,22,4,49,59,73,68,71,314,-0.99,-8.0,-14.0,-55.0,18.0,-43.0
2025-01-01 09:34:51,AAPL,169.17,166.13,103.84,136.83,197.9,169.2,166.16,103.89,136.87,197.93,77,15,27,68,80,64,94,30,36,67,313,0.38,15.0,-23.0,43.0,32.0,76.0
2025-01-01 09:34:52,AAPL,186.36,199.68,142.69,111.12,103.04,186.4,199.72,142.71,111.14,103.05,23,28,16,37,21,79,17,37,77,19,513,0.23,-54.0,13.0,-11.0,-41.0,48.0
2025-01-01 09:34:53,AAPL,117.57,151.32,171.54,197.33,120.14,117.58,151.32999999999998,171.57,197.37,120.15,96,42,41,77,69,10,10,91,60,51,504,-0.81,69.0,7.0,25.0,40.0,48.0
2025-01-01 09:34:54,AAPL,172.05,128.18,118.43,103.94,102.18,172.09,128.20000000000002,118.46,103.97,102.21,63,19,50,33,13,78,97,62,93,43,903,-0.05,-33.0,-87.0,29.0,-33.0,8.0
2025-01-01 09:34:55,AAPL,138.92,188.74,189.39,133.58,161.51,138.97,188.79,189.42,133.61,161.53,28,5,21,18,47,70,57,93,19,97,292,0.18,8.0,-14.0,-29.0,-15.0,34.0
2025-01-01 09:34:56,AAPL,182.06,139.23,144.76,173.0,135.78,182.07,139.23999999999998,144.76999999999998,173.04,135.81,87,70,77,87,73,81,66,19,83,7,217,-0.68,59.0,-9.0,74.0,69.0,90.0
2025-01-01 09:34:57,AAPL,196.07,153.75,101.42,125.76,144.99,196.11,153.79,101.47,125.78,145.02,81,39,36,40,45,4,25,69,30,76,295,0.21,-6.0,-31.0,-50.0,53.0,-28.0
2025-01-01 09:34:58,AAPL,122.73,154.38,169.5,151.52,199.03,122.76,154.4,169.54,151.54000000000002,199.06,79,32,9,15,28,24,60,35,86,27,310,-0.32,-20.0,-7.0,-27.0,-25.0,-17.0
2025-01-01 09:34:59,AAPL,170.55,118.75,175.06,123.6,114.35,170.57000000000002,118.77,175.09,123.64,114.36,92,18,39,49,93,82,44,72,54,95,865,0.32,13.0,16.0,30.0,32.0,-68.0
2025-01-01 09:35:00,AAPL,138.88,113.14,126.25,158.12,171.82,138.89,113.17,126.28,158.15,171.86,39,84,64,25,28,76,66,78,22,31,378,-0.76,6.0,-22.0,-6.0,-24.0,-65.0
2025-01-01 09:35:01,AAPL,123.03,110.64,182.18,113.9,174.73,123.04,110.69,182.22,113.91,174.76999999999998,18,66,74,79,94,17,68,71,62,41,578,0.7,59.0,-2.0,10.0,-40.0,66.0
2025-01-01 09:35:02,AAPL,138.09,149.6,100.78,149.21,198.65,138.11,149.63,100.82,149.25,198.68,32,67,3,86,86,74,51,67,76,93,787,-0.56,14.0,1.0,4.0,7.0,-8.0
2025-01-01 09:35:03,AAPL,125.4,187.77,108.96,171.54,127.11,125.44,187.81,108.97,171.57,127.13,4,24,59,99,3,68,40,48,54,35,578,-0.46,6.0,-43.0,56.0,13.0,58.0
2025-01-01 09:35:04,AAPL,143.22,109.15,174.66,101.26,164.45,143.24,109.17,174.7,101.31,164.48999999999998,66,52,92,43,90,22,55,67,99,60,541,0.97,62.0,-15.0,33.0,-45.0,87.0
2025-01-01 09:35:05,AAPL,190.97,185.18,105.26,110.44,156.9,191.0,185.21,105.29,110.47,156.93,35,3,5,90,11,71,56,10,34,67,811,-0.95,-31.0,-49.0,57.0,47.0,-7.0
2025-01-01 09:35:06,AAPL,144.93,129.64,192.96,112.46,165.25,144.94,129.67,192.99,112.48,165.28,70,23,91,70,38,2,86,84,89,79,863,-0.92,69.0,-30.0,86.0,-20.0,27.0
2025-01-01 09:35:07,AAPL,149.95,176.48,126.56,180.68,125.18,149.98999999999998,176.48999999999998,126.6,180.71,125.2,79,42,48,44,82,87,97,16,54,35,709,0.75,9.0,19.0,68.0,-26.0,44.0
2025-01-01 09:35:08,AAPL,152.82,146.73,110.67,164.96,186.8,152.86,146.76999999999998,110.68,164.97,186.81,7,42,47,53,59,38,69,87,92,98,664,0.67,-72.0,28.0,-71.0,-38.0,-23.0
2025-01-01 09:35:09,AAPL,171.04,111.25,173.59,127.51,163.91,171.06,111.3,173.61,127.53,163.96,97,58,75,27,97,21,39,95,46,66,702,-0.82,90.0,30.0,28.0,46.0,32.0
2025-01-01 09:35:10,AAPL,168.1,187.93,151.42,153.92,125.51,168.14,187.97,151.45,153.94,125.52,64,74,69,9,2,34,60,61,31,10,213,-0.38,-13.0,16.0,34.0,-18.0,56.0
2025-01-01 09:35:11,AAPL,152.53,106.61,197.26,136.01,147.79,152.55,106.65,197.3,136.04999999999998,147.81,72,5,15,16,1,16,37,3,52,47,962,0.95,18.0,23.0,-54.0,-21.0,-1.0
2025-01-01 09:35:12,AAPL,198.31,149.4,186.94,173.68,150.1,198.34,149.42000000000002,186.99,173.70000000000002,150.13,71,64,21,72,63,85,64,20,8,58,401,-0.12,-1.0,59.0,-17.0,56.0,62.0
2025-01-01 09:35:13,AAPL,134.24,154.65,109.14,175.66,158.24,134.26000000000002,154.67000000000002,109.16,175.67,158.27,93,80,28,48,38,31,14,97,73,91,315,0.93,54.0,16.0,-77.0,-24.0,-25.0
2025-01-01 09:35:14,AAPL,144.07,126.04,183.84,171.56,168.69,144.12,126.08,183.86,171.6,168.71,73,27,1,87,74,42,52,25,54,67,105,0.16,-20.0,-38.0,-27.0,19.0,36.0
2025-01-01 09:35:15,AAPL,161.83,178.15,170.33,183.45,105.62,161.87,178.19,170.35000000000002,183.49,105.64,1,94,3,46,55,75,88,86,64,45,944,-0.58,-72.0,67.0,-61.0,-41.0,22.0
2025-01-01 09:35:16,AAPL,114.42,175.9,150.06,191.18,114.66,114.46,175.92000000000002,150.08,191.22,114.69,79,90,68,43,69,99,13,10,75,82,581,-0.41,-24.0,75.0,76.0,-3.0,14.0
2025-01-01 09:35:17,AAPL,135.45,156.46,125.23,191.53,126.57,135.5,156.47,125.27,191.58,126.59,4,20,36,32,28,77,1,60,56,35,211,0.64,-75.0,12.0,-50.0,-11.0,-41.0
2025-01-01 09:35:18,AAPL,133.57,157.46,151.48,151.33,110.72,133.6,157.49,151.51999999999998,151.37,110.75,68,36,52,53,82,50,80,41,18,22,165,0.35,27.0,16.0,16.0,38.0,13.0
2025-01-01 09:35:19,AAPL,168.27,162.87,126.61,103.9,145.56,168.32000000000002,162.9,126.65,103.95,145.58,48,14,59,97,99,58,58,51,84,2,854,-0.55,-20.0,-22.0,-10.0,-66.0,17.0
2025-01-01 09:35:20,AAPL,185.71,181.71,144.83,148.92,121.77,185.72,181.74,144.84,148.95,121.82,69,45,9,49,33,18,9,62,57,29,992,-0.67,21.0,31.0,-50.0,-48.0,-27.0
2025-01-01 09:35:21,AAPL,134.95,131.57,179.14,168.06,129.96,134.98,131.57999999999998,179.19,168.11,130.01000000000002,62,64,45,82,58,20,58,89,57,77,807,-0.17,-2.0,-49.0,36.0,33.0,25.0
2025-01-01 09:35:22,AAPL,167.89,123.68,108.4,177.0,163.02,167.94,123.7,108.41,177.04,163.05,76,29,3,90,57,30,9,26,2,62,614,0.26,14.0,49.0,63.0,8.0,-1.0
2025-01-01 09:35:23,AAPL,141.62,116.65,198.62,182.08,128.15,141.63,116.66,198.63,182.11,128.20000000000002,82,77,69,58,44,74,56,43,89,34,385,-0.86,-44.0,-47.0,66.0,-32.0,28.0
2025-01-01 09:35:24,AAPL,136.15,153.48,199.62,147.45,181.61,136.18,153.51999999999998,199.65,147.5,181.64,66,11,98,90,18,85,52,46,44,22,792,-0.53,-11.0,-66.0,29.0,45.0,-26.0
2025-01-01 09:35:25,AAPL,121.15,173.6,132.0,150.6,116.25,121.2,173.64,132.04,150.63,116.29,72,83,87,27,40,96,26,27,62,83,995,-0.6,-11.0,72.0,19.0,-63.0,-61.0
2025-01-01 09:35:26,AAPL,175.05,174.64,114.55,187.8,126.92,175.10000000000002,174.67,114.57,187.82,126.95,69,49,26,5,22,79,13,28,33,23,964,-0.02,-3.0,-34.0,-1.0,-22.0,-18.0
2025-01-01 09:35:27,AAPL,120.43,162.68,135.87,199.56,148.02,120.46,162.71,135.92000000000002,199.6,148.05,88,18,27,41,72,92,74,17,62,29,285,0.83,-13.0,-61.0,1.0,36.0,50.0
2025-01-01 09:35:28,AAPL,133.54,195.23,153.31,163.15,154.29,133.56,195.26,153.32,163.18,154.32,55,9,79,52,2,25,13,98,51,58,133,-0.75,-33.0,-9.0,52.0,11.0,-70.0
2025-01-01 09:35:29,AAPL,138.21,102.82,185.52,135.88,163.11,138.25,102.85,185.54,135.93,163.16000000000005,94,68,69,1,91,92,63,29,82,12,432,0.02,39.0,-50.0,-10.0,-31.0,89.0
2025-01-01 09:35:30,AAPL,102.47,140.69,122.07,153.33,199.6,102.51,140.73,122.11,153.34,199.62,43,80,74,49,64,32,64,2,24,87,933,0.36,60.0,12.0,27.0,48.0,-27.0
2025-01-01 09:35:31,AAPL,182.54,114.66,115.97,179.01,161.63,182.55,114.69,115.99,179.03,161.67,65,21,27,70,44,28,45,17,40,3,175,0.63,22.0,19.0,-15.0,21.0,84.0
2025-01-01 09:35:32,AAPL,121.71,154.2,196.82,114.79,194.09,121.73,154.23,196.85,114.84,194.11,46,37,92,60,31,11,87,2,27,99,101,0.33,17.0,16.0,65.0,13.0,-13.0
2025-01-01 09:35:33,AAPL,182.27,101.33,154.2,145.96,149.9,182.28,101.37,154.23,146.0,149.93,67,97,1,51,5,13,19,12,48,25,924,0.92,21.0,68.0,-10.0,-9.0,74.0
2025-01-01 09:35:34,AAPL,151.84,107.29,162.68,125.32,180.37,151.88,107.34,162.71,125.35,180.41,72,88,50,84,16,76,77,39,89,46,355,-0.82,-63.0,-9.0,49.0,-41.0,11.0
2025-01-01 09:35:35,AAPL,126.27,187.48,112.89,172.0,110.12,126.3,187.5,112.93,172.02,110.16,86,80,41,74,24,82,49,18,7,4,189,-0.91,-6.0,-8.0,21.0,-10.0,42.0
2025-01-01 09:35:36,AAPL,128.91,145.13,111.7,145.33,185.32,128.94,145.14,111.72,145.36,185.34,58,14,93,20,30,19,53,56,77,82,762,-0.32,-28.0,-4.0,-38.0,-70.0,6.0
2025-01-01 09:35:37,AAPL,105.54,155.42,158.79,193.45,172.61,105.59,155.47,158.82,193.48,172.64,74,74,88,85,11,91,16,90,61,94,482,-0.58,-72.0,60.0,-5.0,65.0,-12.0
2025-01-01 09:35:38,AAPL,168.96,187.73,129.04,108.2,129.85,169.0,187.75,129.06,108.22,129.88,27,20,25,66,9,92,53,61,38,3,202,-0.32,-47.0,-54.0,29.0,23.0,91.0
2025-01-01 09:35:39,AAPL,156.37,120.5,174.2,105.23,185.25,156.39,120.54,174.22,105.27,185.27,95,29,96,17,14,36,58,24,63,91,124,-0.36,56.0,-5.0,71.0,-25.0,5.0
2025-01-01 09:35:40,AAPL,103.47,112.72,191.47,149.35,145.36,103.48,112.76,191.5,149.37,145.37,63,11,31,49,94,87,19,12,15,31,712,-0.6,-51.0,39.0,-65.0,32.0,60.0
2025-01-01 09:35:41,AAPL,188.02,119.5,131.35,162.06,163.84,188.06,119.51,131.39,162.09,163.87,66,8,29,11,18,55,50,14,74,99,582,-0.65,3.0,-3.0,-2.0,-38.0,-76.0
2025-01-01 09:35:42,AAPL,167.26,117.34,172.48,150.54,168.0,167.28,117.38,172.53,150.57999999999998,168.03,96,50,23,13,69,4,92,78,72,9,732,0.97,51.0,-42.0,-6.0,2.0,51.0
2025-01-01 09:35:43,AAPL,105.59,114.22,105.28,162.58,105.45,105.63,114.25,105.31,162.61,105.47,66,2,15,23,29,81,96,7,94,28,753,-0.96,-77.0,-4.0,71.0,10.0,-19.0
2025-01-01 09:35:44,AAPL,180.27,178.8,129.72,113.56,114.56,180.31,178.84,129.76,113.61,114.6,24,65,18,44,76,57,28,71,23,85,773,0.04,-42.0,63.0,3.0,71.0,47.0
2025-01-01 09:35:45,AAPL,126.27,176.73,192.67,148.37,131.56,126.31,176.76999999999998,192.72,148.41,131.58,5,97,49,98,30,72,63,47,26,57,392,0.6,-15.0,-35.0,31.0,54.0,-46.0
2025-01-01 09:35:46,AAPL,170.72,119.04,136.67,110.58,162.82,170.73,119.09,136.70999999999998,110.61,162.85,28,69,67,95,20,83,11,67,87,7,800,-0.57,23.0,52.0,-20.0,-61.0,-10.0
2025-01-01 09:35:47,AAPL,122.11,172.92,150.03,141.52,116.92,122.13,172.92999999999998,150.04,141.55,116.97,79,80,27,74,63,68,19,28,85,78,851,-0.76,15.0,11.0,-40.0,-21.0,-71.0
2025-01-01 09:35:48,AAPL,185.15,115.66,197.48,184.25,150.09,185.2,115.67,197.5,184.29,150.11,73,2,93,97,74,98,55,72,60,97,722,0.7,-6.0,-36.0,66.0,23.0,11.0
2025-01-01 09:35:49,AAPL,154.12,180.39,150.89,106.24,138.39,154.15,180.41,150.89999999999998,106.27,138.39999999999998,9,87,35,71,79,53,54,84,25,67,863,0.34,45.0,85.0,-12.0,35.0,30.0
2025-01-01 09:35:50,AAPL,170.22,137.17,101.77,170.32,102.17,170.26,137.19,101.8,170.35,102.18,34,96,79,17,33,47,52,80,93,9,900,0.87,25.0,2.0,4.0,-54.0,58.0
2025-01-01 09:35:51,AAPL,172.35,157.72,164.77,102.93,161.81,172.38,157.75,164.79000000000002,102.94,161.83,67,11,12,10,25,49,49,89,11,62,729,-0.47,33.0,-85.0,-67.0,82.0,-8.0
2025-01-01 09:35:52,AAPL,142.15,109.44,112.57,141.44,176.24,142.20000000000002,109.48,112.58,141.48,176.28,87,68,52,80,7,22,93,75,56,97,669,0.42,27.0,-44.0,14.0,70.0,-18.0
2025-01-01 09:35:53,AAPL,100.74,151.82,103.75,156.92,192.08,100.79,151.85,103.78,156.97,192.12,36,89,24,44,17,2,13,31,93,28,754,-0.67,20.0,21.0,44.0,-36.0,10.0
2025-01-01 09:35:54,AAPL,150.37,183.02,166.4,133.84,193.55,150.42000000000002,183.04,166.41,133.88,193.59,54,5,13,28,43,89,99,47,71,38,579,0.11,18.0,-84.0,-11.0,22.0,26.0
2025-01-01 09:35:55,AAPL,174.26,127.98,156.5,108.81,141.37,174.29999999999998,128.02,156.55,108.83,141.4,8,23,64,93,20,16,17,80,19,8,265,-0.17,-46.0,82.0,-33.0,52.0,30.0
2025-01-01 09:35:56,AAPL,129.92,174.81,120.83,120.52,118.95,129.94,174.83,120.88,120.56,118.99,79,96,6,43,35,98,54,62,69,82,755,0.53,-82.0,73.0,18.0,-50.0,-74.0
2025-01-01 09:35:57,AAPL,126.83,159.08,172.14,194.13,188.16,126.86,159.12,172.17,194.16,188.17,59,93,80,54,46,22,64,8,20,51,433,0.19,76.0,-10.0,74.0,11.0,11.0
2025-01-01 09:35:58,AAPL,153.92,196.88,148.42,106.36,155.17,153.95999999999998,196.93,148.45,106.38,155.22,7,89,61,3,38,84,34,44,30,17,926,-0.46,-52.0,-4.0,-36.0,-10.0,34.0
2025-01-01 09:35:59,AAPL,181.15,105.54,153.81,107.06,193.4,181.19,105.58,153.85,107.1,193.45,62,47,34,17,54,76,85,40,19,67,693,-0.28,55.0,-51.0,-27.0,14.0,16.0
2025-01-01 09:36:00,AAPL,140.58,197.04,111.24,126.85,149.24,140.62,197.06,111.26,126.86,149.28,55,1,49,36,21,37,24,55,25,7,738,0.05,39.0,-46.0,-15.0,19.0,60.0
2025-01-01 09:36:01,AAPL,196.3,160.77,198.34,184.11,103.6,196.34,160.79000000000002,198.37,184.13,103.62,39,88,80,97,12,34,71,75,31,93,227,0.26,-16.0,-47.0,31.0,61.0,-86.0
2025-01-01 09:36:02,AAPL,174.72,120.94,153.71,173.72,162.73,174.75,120.99,153.75,173.77,162.76999999999998,19,71,8,77,66,41,75,88,70,61,637,-0.85,-7.0,-4.0,-13.0,-39.0,54.0
2025-01-01 09:36:03,AAPL,125.04,166.93,188.83,145.99,160.7,125.06,166.97,188.88,146.01000000000002,160.73,25,97,65,6,18,10,92,11,97,65,432,-0.03,31.0,26.0,57.0,-27.0,-4.0
2025-01-01 09:36:04,AAPL,129.46,125.87,102.59,128.52,155.4,129.47,125.89,102.64,128.55,155.43,2,86,5,4,36,6,21,77,89,26,778,-0.99,-23.0,71.0,-66.0,8.0,39.0
2025-01-01 09:36:05,AAPL,107.85,188.13,107.79,170.68,192.0,107.87,188.15,107.82,170.73000000000002,192.05,79,86,74,82,22,46,91,13,33,5,829,-0.5,-40.0,0.0,69.0,78.0,-14.0
2025-01-01 09:36:06,AAPL,135.62,117.72,169.51,161.62,148.29,135.65,117.77,169.51999999999998,161.66,148.34,40,49,85,57,87,84,64,75,57,98,301,-0.48,-39.0,27.0,11.0,-24.0,-93.0
2025-01-01 09:36:07,AAPL,181.86,189.96,178.19,119.54,108.67,181.89,189.97,178.23,119.57,108.71,25,79,90,72,51,88,48,70,99,65,415,0.95,-15.0,30.0,5.0,-42.0,33.0
2025-01-01 09:36:08,AAPL,128.58,107.11,134.57,174.33,143.81,128.62,107.14,134.62,174.38000000000002,143.82,73,31,55,10,60,2,15,3,43,31,297,0.79,86.0,33.0,67.0,-62.0,9.0
2025-01-01 09:36:09,AAPL,126.77,141.06,189.86,189.63,168.57,126.81,141.07,189.9,189.65,168.59,84,98,43,26,71,38,94,42,5,11,164,0.14,-36.0,67.0,-12.0,16.0,11.0
2025-01-01 09:36:10,AAPL,144.19,134.67,174.65,189.35,175.68,144.21,134.70999999999998,174.67000000000002,189.37,175.70000000000002,14,36,69,75,24,60,95,55,77,80,891,0.05,-70.0,-1.0,-13.0,-72.0,-47.0
2025-01-01 09:36:11,AAPL,187.45,104.34,126.1,187.58,175.23,187.46,104.37,126.13,187.61,175.25,29,43,3,10,59,14,76,47,42,94,515,0.12,15.0,19.0,8.0,35.0,-14.0
2025-01-01 09:36:12,AAPL,174.09,166.19,135.55,180.89,129.47,174.12,166.23,135.58,180.91,129.5,49,1,73,84,53,83,40,45,68,9,204,-0.12,-69.0,-42.0,70.0,-26.0,85.0
2025-01-01 09:36:13,AAPL,121.83,113.05,101.26,115.4,170.54,121.85,113.08,101.29,115.45,170.59,37,81,64,90,86,62,72,61,33,66,897,-0.05,21.0,-32.0,-16.0,35.0,33.0
2025-01-01 09:36:14,AAPL,100.41,101.1,141.66,115.5,166.45,100.45,101.12,141.71,115.53,166.47,58,83,73,28,35,10,65,42,85,9,799,0.5,52.0,7.0,9.0,-62.0,57.0
2025-01-01 09:36:15,AAPL,199.98,172.49,111.42,151.83,158.73,200.0,172.54000000000002,111.44,151.85000000000002,158.78,9,60,49,97,51,60,70,37,31,98,268,0.09,-49.0,-23.0,5.0,69.0,-89.0
2025-01-01 09:36:16,AAPL,155.98,152.01,161.07,126.43,128.72,156.01,152.04999999999998,161.07999999999998,126.46,128.76,42,29,82,10,39,82,1,39,21,65,882,-0.37,-22.0,69.0,33.0,10.0,33.0
2025-01-01 09:36:17,AAPL,172.92,187.47,193.87,180.51,185.06,172.95,187.51,193.89,180.54,185.08,80,15,28,95,23,17,98,13,14,11,895,-0.56,38.0,-14.0,-54.0,85.0,-16.0
2025-01-01 09:36:18,AAPL,146.44,143.33,179.97,173.95,142.63,146.46,143.35000000000002,180.01,173.95999999999998,142.64,20,48,73,2,37,1,4,54,25,3,364,0.62,16.0,94.0,-41.0,-11.0,8.0
2025-01-01 09:36:19,AAPL,180.02,193.21,177.02,174.77,123.41,180.03,193.24,177.03,174.82000000000002,123.43,50,13,15,53,44,8,74,46,69,19,265,0.24,30.0,-35.0,8.0,51.0,-16.0
2025-01-01 09:36:20,AAPL,115.94,196.8,191.47,116.7,112.12,115.95,196.85,191.49,116.73,112.15,61,70,78,68,90,17,19,51,70,63,576,0.26,-9.0,57.0,63.0,-1.0,-44.0
2025-01-01 09:36:21,AAPL,127.52,190.96,163.39,107.19,190.9,127.57,190.97,163.42,107.21,190.93,66,66,16,73,28,77,35,41,77,31,184,-0.33,5.0,-16.0,10.0,-7.0,-62.0
2025-01-01 09:36:22,AAPL,132.86,128.49,147.83,118.06,148.56,132.9,128.5,147.84,118.07,148.59,10,47,75,14,38,12,45,17,80,35,549,0.32,-56.0,-10.0,24.0,-59.0,-4.0
2025-01-01 09:36:23,AAPL,151.07,147.7,183.49,175.59,148.34,151.07999999999998,147.70999999999998,183.53,175.62,148.37,19,72,92,8,95,3,67,86,81,17,753,0.7,9.0,25.0,17.0,-6.0,18.0
2025-01-01 09:36:24,AAPL,148.31,141.61,197.79,120.06,121.54,148.33,141.63000000000002,197.82,120.11,121.57,47,94,44,48,91,85,52,84,68,11,304,0.31,-82.0,15.0,-48.0,13.0,6.0
2025-01-01 09:36:25,AAPL,138.22,128.18,172.2,186.19,165.41,138.25,128.20000000000002,172.20999999999998,186.22,165.42,28,66,10,86,77,58,73,97,14,84,242,0.13,27.0,-21.0,-13.0,38.0,-14.0
2025-01-01 09:36:26,AAPL,176.33,113.65,122.87,188.25,102.01,176.37,113.68,122.9,188.26,102.05,16,78,80,59,49,63,62,49,51,33,897,0.91,-12.0,11.0,48.0,-27.0,51.0
2025-01-01 09:36:27,AAPL,164.21,129.82,112.65,184.26,136.22,164.25,129.85,112.67,184.29,136.23,56,44,75,29,95,62,89,52,54,88,412,0.34,1.0,-34.0,-3.0,-3.0,46.0
2025-01-01 09:36:28,AAPL,150.87,172.11,135.27,132.57,147.26,150.92000000000002,172.12,135.31,132.59,147.29999999999998,61,15,65,22,3,54,14,36,82,82,678,0.41,8.0,-29.0,-10.0,-28.0,-92.0
2025-01-01 09:36:29,AAPL,182.08,123.63,166.14,139.2,136.87,182.12,123.66,166.16,139.23999999999998,136.88,30,20,37,3,73,41,39,26,2,23,378,-0.96,-31.0,-25.0,-28.0,-19.0,59.0
2025-01-01 09:36:30,AAPL,103.64,190.25,107.33,189.42,122.82,103.68,190.27,107.37,189.46,122.85,79,43,44,68,33,24,36,10,20,75,751,0.83,17.0,23.0,16.0,65.0,-52.0
2025-01-01 09:36:31,AAPL,199.68,115.37,186.3,126.6,159.08,199.71,115.38,186.35,126.61,159.12,96,49,14,1,81,25,59,72,69,5,716,0.86,17.0,-23.0,-30.0,-49.0,48.0
2025-01-01 09:36:32,AAPL,148.38,149.04,111.97,180.27,124.7,148.43,149.09,112.02,180.3,124.74,14,93,24,55,15,83,72,34,2,27,173,-0.63,-58.0,44.0,38.0,54.0,-22.0
2025-01-01 09:36:33,AAPL,136.5,143.24,162.32,107.44,150.37,136.52,143.27,162.36,107.47,150.41,87,64,32,79,13,66,19,24,88,11,286,-0.43,17.0,53.0,8.0,-86.0,-2.0
2025-01-01 09:36:34,AAPL,103.8,199.46,148.2,175.6,145.23,103.81,199.48,148.22,175.64,145.26999999999998,70,76,53,78,44,74,54,20,79,31,234,-0.94,-8.0,12.0,4.0,-1.0,-20.0
2025-01-01 09:36:35,AAPL,124.47,188.15,141.59,172.03,191.83,124.5,188.17,141.62,172.08,191.87,9,92,23,63,61,40,44,86,24,51,541,-0.84,-61.0,10.0,-66.0,55.0,17.0
2025-01-01 09:36:36,AAPL,176.57,106.98,147.87,117.23,175.23,176.62,107.01,147.9,117.27,175.23999999999998,57,9,31,71,9,13,58,3,35,97,888,0.55,48.0,-14.0,8.0,-11.0,-46.0
2025-01-01 09:36:37,AAPL,126.48,193.36,172.0,175.38,121.91,126.51,193.39,172.04,175.39,121.96,98,64,79,78,19,15,6,73,84,98,637,0.73,-2.0,55.0,48.0,7.0,-1.0
2025-01-01 09:36:38,AAPL,149.96,143.85,161.1,162.42,113.2,150.0,143.87,161.15,162.45999999999998,113.22,21,91,83,24,26,45,28,82,29,17,679,-0.18,-77.0,-22.0,-9.0,55.0,81.0
2025-01-01 09:36:39,AAPL,178.01,177.12,122.81,192.22,159.26,178.04,177.15,122.84,192.25,159.29,54,1,61,3,68,41,37,51,15,8,649,0.89,33.0,-90.0,31.0,-21.0,42.0
2025-01-01 09:36:40,AAPL,136.9,113.55,151.84,111.26,193.4,136.92000000000002,113.57,151.87,111.29,193.44,88,98,23,48,40,6,38,41,27,75,424,0.43,35.0,-1.0,-38.0,-12.0,-28.0
2025-01-01 09:36:41,AAPL,193.77,191.23,194.61,124.47,113.16,193.79,191.28,194.66000000000005,124.51,113.17,46,18,43,80,33,93,10,73,59,31,767,-0.05,-42.0,-80.0,20.0,32.0,44.0
2025-01-01 09:36:42,AAPL,161.32,186.88,166.19,143.4,181.94,161.37,186.89,166.22,143.42000000000002,181.95,91,39,63,79,26,65,4,29,1,50,977,0.81,28.0,6.0,44.0,-1.0,-7.0
2025-01-01 09:36:43,AAPL,132.07,155.23,105.05,104.39,172.04,132.1,155.25,105.07,104.43,172.04999999999998,56,31,86,37,47,91,78,47,69,58,903,-0.75,-26.0,-74.0,-18.0,-68.0,-8.0
2025-01-01 09:36:44,AAPL,114.75,102.97,107.17,165.99,143.16,114.79,103.02,107.21,166.0,143.17,92,33,41,30,57,49,48,72,49,47,155,0.68,42.0,30.0,-45.0,-7.0,11.0
2025-01-01 09:36:45,AAPL,172.24,107.8,110.61,149.28,116.07,172.29000000000002,107.82,110.64,149.3,116.11,56,17,60,36,61,17,49,76,60,20,533,0.67,-36.0,-16.0,19.0,-11.0,27.0
2025-01-01 09:36:46,AAPL,129.76,178.93,103.12,196.69,152.66,129.78,178.95000000000002,103.13,196.74,152.67,94,98,65,88,88,73,86,76,17,89,575,0.41,-56.0,81.0,0.0,52.0,27.0
2025-01-01 09:36:47,AAPL,106.8,119.38,121.46,173.82,118.91,106.83,119.4,121.5,173.87,118.94,46,85,74,80,7,4,91,52,89,31,814,0.89,69.0,-5.0,9.0,-72.0,58.0
2025-01-01 09:36:48,AAPL,139.63,169.39,148.93,151.26,126.78,139.66,169.42,148.97,151.31,126.8,35,4,80,80,85,26,19,81,45,26,761,0.41,-11.0,-81.0,6.0,44.0,78.0
2025-01-01 09:36:49,AAPL,123.42,126.96,165.48,139.01,119.45,123.46,126.98,165.51999999999998,139.04,119.46,2,72,43,42,77,57,81,88,67,30,752,0.18,-31.0,-62.0,-37.0,-22.0,-4.0
2025-01-01 09:36:50,AAPL,108.92,143.1,117.48,198.71,156.12,108.96,143.12,117.49,198.76,156.14,7,31,48,47,78,92,53,80,19,81,222,-0.96,-35.0,-41.0,8.0,5.0,1.0
2025-01-01 09:36:51,AAPL,168.96,130.14,162.6,115.05,146.9,168.99,130.17,162.63,115.08,146.92000000000002,57,17,39,90,68,55,45,76,1,21,632,0.38,50.0,8.0,-9.0,18.0,60.0
2025-01-01 09:36:52,AAPL,186.4,129.89,119.3,111.62,161.63,186.43,129.91,119.34,111.64,161.66,79,17,67,74,47,56,23,18,1,35,931,-0.61,22.0,22.0,58.0,-0.0,-21.0
2025-01-01 09:36:53,AAPL,121.04,102.3,189.67,121.07,122.75,121.06,102.32,189.71,121.08,122.77,91,33,22,48,3,87,85,23,68,21,328,-0.77,-31.0,-62.0,-45.0,-26.0,14.0
2025-01-01 09:36:54,AAPL,153.64,143.71,126.79,160.4,187.13,153.69,143.74,126.82,160.42000000000002,187.15,49,22,78,57,14,44,16,97,77,12,154,0.67,-42.0,-11.0,-74.0,9.0,11.0
2025-01-01 09:36:55,AAPL,169.82,129.14,133.62,130.85,102.0,169.85,129.17999999999998,133.66,130.87,102.03,77,3,59,52,34,49,28,83,87,96,836,0.76,28.0,-12.0,-19.0,-10.0,-84.0
2025-01-01 09:36:56,AAPL,181.31,195.78,188.38,193.33,185.87,181.35,195.8,188.4,193.35,185.9,97,69,92,72,79,52,4,34,69,33,220,-0.74,20.0,66.0,33.0,20.0,45.0
2025-01-01 09:36:57,AAPL,155.68,194.64,141.5,132.69,160.67,155.73000000000002,194.68,141.55,132.7,160.67999999999998,87,82,62,31,42,12,65,73,3,90,748,0.32,40.0,-61.0,-39.0,66.0,-57.0
2025-01-01 09:36:58,AAPL,195.91,193.11,178.94,172.34,127.4,195.95,193.14,178.96,172.37,127.44,22,75,33,32,64,85,39,84,72,42,620,-0.42,-65.0,26.0,-29.0,1.0,48.0
2025-01-01 09:36:59,AAPL,187.49,177.18,141.79,174.84,196.13,187.52,177.20000000000002,141.84,174.87,196.14,82,26,56,64,8,81,95,37,97,27,272,-0.53,4.0,-56.0,47.0,32.0,-56.0
2025-01-01 09:37:00,AAPL,157.36,182.15,102.86,163.09,134.96,157.38000000000002,182.18,102.88,163.13,134.98000000000002,60,86,98,19,84,56,14,33,10,80,291,-0.18,25.0,60.0,4.0,87.0,-53.0
2025-01-01 09:37:01,AAPL,122.38,193.25,148.81,163.04,173.43,122.4,193.29,148.85,163.07999999999998,173.46,45,8,80,18,33,1,76,6,41,55,616,0.45,55.0,-78.0,-18.0,-31.0,-51.0
2025-01-01 09:37:02,AAPL,189.48,111.76,199.02,120.94,101.18,189.53,111.78,199.06,120.96,101.21,33,18,57,16,80,38,41,7,78,53,930,0.78,-12.0,35.0,-23.0,-37.0,2.0
2025-01-01 09:37:03,AAPL,184.06,147.29,103.91,163.85,105.06,184.11,147.34,103.93,163.89,105.07,3,99,33,86,50,56,9,82,50,29,138,0.15,-18.0,81.0,-75.0,70.0,-30.0
2025-01-01 09:37:04,AAPL,104.1,152.73,188.64,183.79,188.28,104.15,152.73999999999998,188.66,183.82,188.33,77,16,41,98,55,61,86,81,87,49,300,0.37,-5.0,-83.0,8.0,12.0,5.0
2025-01-01 09:37:05,AAPL,177.9,102.01,189.05,156.93,181.19,177.94,102.03,189.06,156.97,181.21,7,87,88,69,69,81,30,73,6,89,307,0.45,-70.0,56.0,47.0,81.0,-40.0
2025-01-01 09:37:06,AAPL,183.58,141.52,176.49,117.46,132.23,183.63,141.57000000000002,176.52,117.51,132.26,5,77,1,87,3,67,71,35,15,67,960,-0.0,-2.0,-10.0,38.0,-9.0,22.0
2025-01-01 09:37:07,AAPL,127.23,116.94,162.08,171.9,156.95,127.27,116.96,162.13000000000002,171.93,156.97,90,80,36,97,84,77,33,5,78,91,698,-0.29,-10.0,38.0,30.0,10.0,81.0
2025-01-01 09:37:08,AAPL,104.92,103.11,155.42,176.2,153.74,104.96,103.12,155.44,176.22,153.77,95,37,23,27,70,90,66,61,77,51,405,-0.19,-13.0,-33.0,-56.0,-70.0,40.0
2025-01-01 09:37:09,AAPL,117.74,110.96,156.7,192.83,105.48,117.77,111.0,156.73,192.87,105.5,75,72,9,90,2,80,95,70,85,90,670,0.45,-20.0,35.0,-14.0,63.0,-39.0
2025-01-01 09:37:10,AAPL,157.98,116.25,167.42,113.35,180.59,158.03,116.28,167.45,113.36,180.6,42,65,36,76,9,36,92,38,33,42,416,0.34,-33.0,-7.0,27.0,52.0,7.0
2025-01-01 09:37:11,AAPL,196.14,160.27,155.95,101.45,108.09,196.17,160.32000000000002,155.98999999999998,101.5,108.12,22,55,57,13,47,87,62,54,29,22,932,-0.4,-20.0,-10.0,-16.0,4.0,20.0
2025-01-01 09:37:12,AAPL,192.37,122.98,174.95,163.06,174.96,192.4,123.03,174.98999999999998,163.08,175.0,47,40,7,46,23,83,46,86,13,21,868,-0.22,4.0,16.0,-50.0,33.0,-24.0
2025-01-01 09:37:13,AAPL,126.36,195.46,160.36,193.4,120.34,126.38,195.5,160.4,193.42,120.36,24,69,41,77,47,76,69,31,92,92,897,0.01,7.0,29.0,55.0,31.0,-71.0
2025-01-01 09:37:14,AAPL,184.44,123.92,141.52,161.51,148.12,184.47,123.94,141.55,161.54,148.16,63,96,18,17,98,39,71,54,99,94,175,0.89,39.0,-2.0,-23.0,-7.0,51.0
2025-01-01 09:37:15,AAPL,133.59,156.07,109.51,120.05,141.35,133.61,156.12,109.53,120.08,141.38,62,64,17,78,62,35,13,35,43,2,722,0.68,4.0,-32.0,19.0,56.0,92.0
2025-01-01 09:37:16,AAPL,122.85,186.64,103.33,191.28,111.84,122.89,186.66,103.37,191.31,111.86,55,77,95,80,56,44,57,6,92,32,463,-0.61,-9.0,13.0,29.0,2.0,-30.0
2025-01-01 09:37:17,AAPL,134.58,135.78,100.85,183.92,103.2,134.63000000000002,135.83,100.88,183.95,103.24,52,22,4,6,38,26,11,90,17,88,191,0.13,-3.0,46.0,-84.0,75.0,-56.0
2025-01-01 09:37:18,AAPL,149.42,173.19,138.38,194.5,148.18,149.45,173.23,138.4,194.51,148.22,35,28,9,76,15,21,52,35,97,51,438,-0.46,-17.0,6.0,5.0,70.0,-23.0
2025-01-01 09:37:19,AAPL,180.31,104.41,199.21,113.04,179.61,180.34,104.44,199.26,113.07,179.64,1,7,1,49,96,73,29,26,87,45,334,0.29,-34.0,23.0,-8.0,10.0,81.0
2025-01-01 09:37:20,AAPL,110.81,143.62,197.2,103.76,131.6,110.83,143.66,197.21,103.8,131.61,84,14,69,87,79,6,33,55,19,77,128,1.0,67.0,7.0,-29.0,68.0,-32.0
2025-01-01 09:37:21,AAPL,188.88,104.83,156.33,164.78,120.95,188.9,104.88,156.38000000000002,164.83,120.99,19,29,2,36,19,7,26,79,38,3,969,0.06,-65.0,7.0,-24.0,-51.0,74.0
2025-01-01 09:37:22,AAPL,166.93,183.16,115.03,103.86,187.89,166.95000000000002,183.18,115.06,103.89,187.9,93,30,29,26,83,26,37,91,94,53,769,-0.96,-19.0,1.0,-12.0,-56.0,64.0
2025-01-01 09:37:23,AAPL,103.59,191.49,135.2,141.08,101.84,103.61,191.53,135.23,141.12,101.87,32,84,64,10,13,63,93,35,61,54,363,0.68,-37.0,54.0,35.0,-16.0,-1.0
2025-01-01 09:37:24,AAPL,165.48,122.84,127.4,131.48,111.68,165.5,122.86,127.43,131.53,111.69,30,82,11,93,17,26,23,56,52,48,375,-0.49,-2.0,70.0,-21.0,9.0,4.0
2025-01-01 09:37:25,AAPL,169.35,103.97,183.94,144.82,163.67,169.37,104.01,183.98,144.85,163.7,10,21,74,23,3,32,20,74,29,52,982,-0.19,-20.0,3.0,63.0,-70.0,-14.0
2025-01-01 09:37:26,AAPL,182.62,122.76,152.44,180.61,135.35,182.66,122.78,152.45,180.65,135.36,82,88,10,27,12,7,17,65,64,26,882,-0.8,72.0,67.0,9.0,4.0,26.0
2025-01-01 09:37:27,AAPL,174.41,180.58,127.14,147.16,171.1,174.44,180.59,127.18,147.21,171.14,92,1,51,70,8,68,5,89,86,92,906,0.26,-61.0,-87.0,-24.0,-22.0,-4.0
2025-01-01 09:37:28,AAPL,125.71,194.87,116.98,196.57,101.49,125.74,194.89,117.01,196.6,101.52,34,33,26,66,63,87,41,86,58,98,991,0.17,-19.0,32.0,3.0,-4.0,-6.0
2025-01-01 09:37:29,AAPL,136.97,148.61,131.38,114.18,121.38,136.98,148.65,131.42,114.23,121.42,74,80,68,22,77,80,93,6,26,75,443,0.81,40.0,-52.0,42.0,32.0,14.0
2025-01-01 09:37:30,AAPL,108.3,119.11,144.08,158.48,181.62,108.35,119.14,144.09,158.51999999999998,181.65,57,66,90,50,14,16,54,43,42,81,721,-0.18,64.0,39.0,22.0,28.0,-63.0
2025-01-01 09:37:31,AAPL,128.05,173.11,124.22,117.17,152.98,128.07000000000002,173.15,124.23,117.21,153.0,96,30,45,90,61,51,98,9,76,2,585,0.94,39.0,-36.0,34.0,-34.0,79.0
2025-01-01 09:37:32,AAPL,137.36,168.15,106.35,139.62,196.38,137.39,168.17000000000002,106.36,139.66,196.42,6,62,5,70,63,56,59,63,89,59,918,0.34,-90.0,39.0,-54.0,-20.0,2.0
2025-01-01 09:37:33,AAPL,119.68,189.57,110.56,170.65,149.95,119.72,189.59,110.6,170.68,149.98,89,95,41,81,47,94,54,55,95,19,417,-0.13,-38.0,33.0,36.0,11.0,40.0
2025-01-01 09:37:34,AAPL,119.48,181.6,180.26,148.64,129.85,119.52,181.62,180.28,148.67999999999998,129.86,25,47,55,64,83,93,10,56,12,33,731,-0.52,1.0,44.0,14.0,83.0,-14.0
2025-01-01 09:37:35,AAPL,193.61,152.02,136.48,187.34,139.5,193.63,152.04000000000002,136.51,187.36,139.54,29,32,88,80,11,96,6,35,33,18,264,-0.25,4.0,4.0,21.0,16.0,-72.0
2025-01-01 09:37:36,AAPL,166.41,125.51,112.7,105.85,130.54,166.43,125.53,112.74,105.86,130.57,17,48,84,26,83,12,21,42,61,58,608,-0.61,84.0,-15.0,-7.0,-28.0,-40.0
2025-01-01 09:37:37,AAPL,109.76,189.78,134.99,155.13,135.95,109.78,189.81,135.02,155.15,135.98,93,96,32,53,59,69,62,4,86,18,326,0.42,-57.0,48.0,-52.0,27.0,-24.0
2025-01-01 09:37:38,AAPL,167.73,102.44,141.17,133.3,166.94,167.75,102.47,141.22,133.34,166.99,94,18,36,33,64,26,48,40,17,40,746,0.23,1.0,14.0,4.0,69.0,5.0
2025-01-01 09:37:39,AAPL,179.35,108.56,118.35,175.84,102.2,179.39,108.57,118.39,175.86,102.23,71,54,78,75,71,29,74,93,73,48,429,0.02,-23.0,36.0,-53.0,42.0,-8.0
2025-01-01 09:37:40,AAPL,142.24,139.81,102.64,133.56,197.6,142.28,139.83,102.67,133.6,197.63,42,13,12,85,74,20,50,36,92,88,168,0.04,9.0,-41.0,57.0,-19.0,3.0
2025-01-01 09:37:41,AAPL,183.64,183.02,195.61,169.83,120.78,183.65,183.05,195.64,169.85000000000002,120.79,1,44,22,38,19,80,31,67,87,42,478,-0.46,-41.0,31.0,10.0,-47.0,46.0
2025-01-01 09:37:42,AAPL,102.92,160.51,139.57,129.87,186.69,102.96,160.54999999999998,139.6,129.89,186.73,72,9,37,94,83,53,80,24,21,40,458,-0.78,27.0,-49.0,43.0,66.0,64.0
2025-01-01 09:37:43,AAPL,117.71,142.87,112.67,156.63,139.84,117.73,142.89,112.69,156.66,139.87,48,44,45,91,80,90,33,31,47,6,207,0.74,-24.0,47.0,-7.0,-3.0,34.0
2025-01-01 09:37:44,AAPL,109.81,143.63,196.23,183.41,148.97,109.85,143.67,196.25,183.46,149.0,59,89,64,24,89,16,52,80,6,37,312,0.41,74.0,45.0,19.0,-67.0,9.0
2025-01-01 09:37:45,AAPL,165.08,196.79,186.3,144.88,106.29,165.11,196.83,186.33,144.91,106.32,98,42,11,27,24,99,39,72,18,77,144,0.17,39.0,-47.0,8.0,-12.0,-40.0
2025-01-01 09:37:46,AAPL,106.67,182.97,156.24,167.08,170.31,106.69,183.0,156.29000000000002,167.12,170.36,83,9,36,40,93,24,48,63,69,53,537,0.86,75.0,-9.0,9.0,13.0,69.0
2025-01-01 09:37:47,AAPL,158.33,153.84,145.45,120.93,100.37,158.35000000000002,153.87,145.48,120.96,100.42,47,35,87,91,60,90,52,8,80,41,230,-0.24,-36.0,-4.0,55.0,-11.0,12.0
2025-01-01 09:37:48,AAPL,147.32,163.04,190.79,141.91,178.33,147.34,163.07999999999998,190.8,141.95,178.34,54,11,53,8,25,40,32,88,28,78,486,-0.33,50.0,-24.0,-34.0,-83.0,-35.0
2025-01-01 09:37:49,AAPL,172.77,166.93,107.18,174.73,105.3,172.8,166.95000000000002,107.21,174.75,105.35,48,14,65,80,82,7,79,88,49,55,240,0.89,-6.0,3.0,0.0,72.0,23.0
2025-01-01 09:37:50,AAPL,114.16,164.28,138.2,195.68,133.0,114.21,164.33,138.22,195.72,133.05,94,53,27,47,80,6,55,97,44,18,883,-0.11,1.0,24.0,-38.0,-33.0,-2.0
2025-01-01 09:37:51,AAPL,117.11,187.33,170.49,108.52,165.01,117.15,187.38,170.5,108.54,165.06,15,36,13,91,44,71,72,78,76,36,471,0.6,-79.0,-17.0,-14.0,-32.0,-36.0
2025-01-01 09:37:52,AAPL,189.86,194.11,186.75,128.76,133.31,189.89,194.13,186.76,128.79999999999998,133.34,95,54,80,74,93,59,6,29,17,60,505,0.94,80.0,18.0,67.0,-17.0,-24.0
2025-01-01 09:37:53,AAPL,192.29,188.41,145.21,185.72,104.84,192.31,188.44,145.24,185.74,104.86,77,51,76,62,85,37,6,71,26,8,615,-0.22,-18.0,-0.0,-42.0,-12.0,52.0
2025-01-01 09:37:54,AAPL,162.19,196.86,109.49,139.0,140.66,162.22,196.88,109.51,139.02,140.71,34,76,97,24,20,69,30,88,7,36,649,0.63,-32.0,25.0,-17.0,19.0,-65.0
2025-01-01 09:37:55,AAPL,180.26,184.57,111.55,196.94,195.96,180.28,184.58,111.57,196.99,195.99,63,68,27,87,93,53,52,63,73,53,668,0.76,29.0,-22.0,-70.0,63.0,73.0
2025-01-01 09:37:56,AAPL,148.53,154.2,191.9,189.99,144.82,148.55,154.23,191.93,190.01,144.84,67,21,70,43,82,69,9,84,28,26,693,0.54,-16.0,43.0,43.0,45.0,27.0
2025-01-01 09:37:57,AAPL,188.5,122.15,146.35,147.03,187.36,188.54,122.18,146.39,147.07,187.37,4,88,31,45,59,45,75,37,65,9,500,0.04,-63.0,-66.0,47.0,-37.0,-23.0
2025-01-01 09:37:58,AAPL,165.54,141.84,171.42,186.12,115.47,165.57,141.87,171.45999999999998,186.14,115.51,20,47,87,53,53,1,2,58,19,62,561,0.9,44.0,-41.0,56.0,8.0,-53.0
2025-01-01 09:37:59,AAPL,195.83,109.77,101.5,116.11,199.6,195.85,109.8,101.54,116.12,199.63,93,89,60,26,72,19,22,93,33,38,227,0.96,73.0,-20.0,-35.0,-14.0,19.0
2025-01-01 09:38:00,AAPL,181.0,155.57,194.7,150.49,188.71,181.02,155.6,194.73,150.52,188.74,98,37,48,71,1,60,12,21,11,44,982,0.92,-41.0,-52.0,-12.0,45.0,-6.0
2025-01-01 09:38:01,AAPL,149.95,111.21,144.08,147.9,189.7,149.98,111.26,144.11,147.95000000000002,189.71,53,8,78,10,67,38,29,15,87,23,309,0.62,22.0,-17.0,6.0,-76.0,66.0
2025-01-01 09:38:02,AAPL,194.72,113.59,149.76,121.42,106.01,194.74,113.61,149.79999999999998,121.45,106.03,20,13,77,43,11,48,15,17,54,50,127,-0.17,-33.0,5.0,-1.0,33.0,-27.0
2025-01-01 09:38:03,AAPL,164.85,130.94,160.62,152.38,102.45,164.89,130.95,160.64,152.39,102.48,71,72,84,76,99,81,92,10,86,57,580,-0.47,-33.0,59.0,7.0,33.0,-7.0
2025-01-01 09:38:04,AAPL,150.44,174.4,150.32,106.78,172.36,150.48,174.42000000000002,150.36,106.81,172.41000000000005,72,33,44,92,37,89,36,81,88,21,997,-0.56,-8.0,-39.0,-71.0,-2.0,-62.0
2025-01-01 09:38:05,AAPL,138.85,186.57,172.44,140.38,121.47,138.87,186.59,172.46,140.42,121.49,64,20,72,73,71,78,28,2,43,8,112,0.18,11.0,-13.0,28.0,-19.0,13.0
2025-01-01 09:38:06,AAPL,159.94,141.88,143.18,105.39,151.65,159.97,141.9,143.19,105.4,151.66,2,44,64,81,78,28,91,54,74,67,519,-0.23,-62.0,-63.0,-52.0,-31.0,7.0
2025-01-01 09:38:07,AAPL,173.96,141.76,173.67,111.36,180.6,173.98000000000002,141.78,173.7,111.37,180.61,85,46,9,17,47,85,95,59,54,86,623,0.07,83.0,-4.0,-55.0,-64.0,-31.0
2025-01-01 09:38:08,AAPL,170.48,133.92,111.11,127.86,177.16,170.5,133.95999999999998,111.13,127.88,177.19,47,8,23,35,95,53,99,96,58,5,627,-0.88,32.0,-4.0,-37.0,18.0,81.0
2025-01-01 09:38:09,AAPL,114.07,171.66,143.73,140.35,113.7,114.1,171.68,143.76,140.39,113.72,50,72,88,20,14,5,41,40,34,80,912,0.21,48.0,64.0,65.0,-15.0,-75.0
2025-01-01 09:38:10,AAPL,108.71,103.65,162.03,129.43,108.64,108.75,103.67,162.06,129.45000000000002,108.68,70,88,87,54,38,74,80,75,32,45,928,-0.22,-69.0,-39.0,-1.0,2.0,35.0
2025-01-01 09:38:11,AAPL,126.21,134.3,141.07,172.04,151.15,126.26,134.31,141.1,172.07,151.20000000000002,49,41,13,34,94,25,66,18,5,19,781,0.31,-21.0,-47.0,57.0,-20.0,56.0
2025-01-01 09:38:12,AAPL,143.9,104.49,192.01,147.03,102.9,143.94,104.52,192.02,147.05,102.91,92,46,94,71,26,46,46,75,14,85,930,-0.6,43.0,20.0,81.0,-9.0,-66.0
2025-01-01 09:38:13,AAPL,145.2,169.18,163.74,171.64,122.43,145.20999999999998,169.23000000000002,163.77,171.66,122.47,47,95,95,13,78,89,33,97,62,79,115,-0.29,-45.0,49.0,-22.0,-58.0,52.0
2025-01-01 09:38:14,AAPL,100.73,106.09,142.88,139.93,118.47,100.76,106.11,142.92,139.95000000000002,118.5,63,72,78,33,87,21,55,76,57,2,752,-0.32,68.0,-22.0,21.0,5.0,77.0
2025-01-01 09:38:15,AAPL,102.05,136.36,153.15,187.19,168.74,102.06,136.38000000000002,153.18,187.21,168.75,6,95,81,89,61,96,12,13,19,44,851,0.72,-57.0,23.0,3.0,56.0,-26.0
2025-01-01 09:38:16,AAPL,183.92,165.3,150.23,172.15,100.59,183.95,165.34,150.25,172.16,100.62,98,6,63,38,50,52,40,8,61,8,715,-0.27,92.0,-89.0,5.0,-42.0,36.0
2025-01-01 09:38:17,AAPL,175.58,196.44,111.45,131.44,181.01,175.60000000000002,196.46,111.49,131.49,181.04,97,80,62,93,87,24,98,7,38,37,608,-0.35,28.0,74.0,1.0,23.0,37.0
2025-01-01 09:38:18,AAPL,164.49,185.15,160.92,185.32,126.46,164.52,185.18,160.92999999999998,185.35,126.5,85,9,38,22,87,49,68,93,15,65,921,-0.84,-25.0,30.0,-24.0,-71.0,-28.0
2025-01-01 09:38:19,AAPL,142.96,155.43,132.87,172.04,164.38,142.98000000000002,155.47,132.91,172.07999999999998,164.41,12,95,78,51,44,96,50,17,35,1,790,0.36,-47.0,18.0,76.0,-20.0,-43.0
2025-01-01 09:38:20,AAPL,155.87,162.49,109.66,195.18,179.08,155.89,162.52,109.67,195.19,179.10000000000002,79,34,70,17,20,73,59,69,87,33,713,0.86,67.0,-61.0,-52.0,-34.0,-24.0
2025-01-01 09:38:21,AAPL,145.83,165.94,191.45,109.01,177.05,145.86,165.97,191.47,109.05,177.09,92,87,68,84,83,42,91,57,98,68,859,-0.77,31.0,53.0,-2.0,-11.0,-35.0
2025-01-01 09:38:22,AAPL,199.7,142.56,134.82,171.02,136.39,199.74,142.59,134.86,171.03,136.42999999999998,13,12,10,65,96,30,8,21,22,18,805,-0.17,-79.0,83.0,36.0,-19.0,50.0
2025-01-01 09:38:23,AAPL,166.38,148.98,151.74,143.24,199.17,166.43,149.0,151.75,143.28,199.22,15,81,18,96,23,62,46,87,99,39,152,0.62,-32.0,69.0,8.0,-77.0,-73.0
2025-01-01 09:38:24,AAPL,174.18,173.7,117.8,182.47,127.61,174.23000000000002,173.72,117.84,182.49,127.64,43,86,64,24,71,34,48,12,23,79,354,0.87,28.0,5.0,75.0,-72.0,-40.0
2025-01-01 09:38:25,AAPL,170.55,174.59,179.47,174.77,144.11,170.59,174.63,179.51,174.81,144.12,24,18,21,54,10,24,85,89,60,57,350,0.63,10.0,-68.0,-43.0,-37.0,-61.0
2025-01-01 09:38:26,AAPL,151.97,177.16,152.27,115.81,112.47,151.99,177.18,152.32000000000002,115.85,112.5,60,50,93,12,47,67,65,27,48,88,161,-0.2,-43.0,32.0,62.0,12.0,-31.0
2025-01-01 09:38:27,AAPL,164.39,155.06,125.06,139.77,142.81,164.44,155.11,125.11,139.81,142.84,90,55,20,81,17,68,5,60,23,46,407,-0.5,30.0,60.0,-33.0,69.0,-30.0
2025-01-01 09:38:28,AAPL,158.67,179.59,147.51,179.33,135.99,158.72,179.62,147.54,179.34,136.01000000000002,3,95,62,2,66,42,34,42,20,97,167,-0.66,26.0,40.0,42.0,-79.0,-51.0
2025-01-01 09:38:29,AAPL,112.61,193.26,160.5,165.95,140.18,112.66,193.3,160.54,165.97,140.23000000000002,93,42,81,72,65,53,7,5,24,28,161,-0.85,-11.0,-53.0,19.0,-4.0,-1.0
2025-01-01 09:38:30,AAPL,127.39,119.99,123.19,179.79,156.31,127.4,120.02,123.22,179.79999999999998,156.35,34,9,62,13,69,41,77,1,89,47,871,-0.97,-59.0,-70.0,4.0,-59.0,4.0
2025-01-01 09:38:31,AAPL,193.39,180.98,183.72,109.33,173.88,193.44,181.02,183.75,109.38,173.91,14,78,3,67,86,19,99,76,54,69,621,0.88,-20.0,69.0,-59.0,35.0,17.0
2025-01-01 09:38:32,AAPL,106.43,140.24,102.35,132.94,153.69,106.48,140.28,102.37,132.95,153.72,33,77,56,36,54,19,43,12,11,70,355,-0.23,0.0,56.0,64.0,-31.0,-1.0
2025-01-01 09:38:33,AAPL,173.68,147.59,112.26,192.79,145.41,173.72,147.61,112.27,192.8,145.44,21,13,86,35,47,86,28,21,18,31,736,-0.1,-12.0,-64.0,30.0,-1.0,39.0
2025-01-01 09:38:34,AAPL,119.94,130.77,104.23,163.35,124.85,119.96,130.81,104.25,163.37,124.87,89,87,93,15,59,3,10,79,80,17,227,0.57,83.0,18.0,-58.0,-62.0,14.0
2025-01-01 09:38:35,AAPL,156.66,195.73,131.82,121.96,167.75,156.7,195.75,131.82999999999998,122.0,167.8,48,17,36,70,80,93,38,62,48,10,332,0.46,-41.0,-70.0,-57.0,32.0,21.0
2025-01-01 09:38:36,AAPL,161.09,182.03,140.41,122.15,151.2,161.12,182.06,140.44,122.2,151.25,70,67,48,76,33,36,33,31,21,27,683,-0.87,22.0,5.0,12.0,6.0,-17.0
2025-01-01 09:38:37,AAPL,117.95,176.56,149.35,188.07,139.72,117.97,176.58,149.39,188.1,139.77,24,53,56,63,81,8,59,45,27,52,757,0.23,28.0,-26.0,8.0,-13.0,-25.0
2025-01-01 09:38:38,AAPL,149.89,198.92,146.24,107.43,197.74,149.92999999999998,198.94,146.29000000000002,107.45,197.77,33,43,91,29,57,5,93,96,60,70,997,0.39,9.0,-10.0,-51.0,-33.0,-24.0
2025-01-01 09:38:39,AAPL,134.39,169.39,188.42,147.21,138.29,134.41,169.42,188.47,147.23000000000002,138.32,51,75,90,55,1,90,28,53,58,73,798,-0.67,-85.0,65.0,-1.0,26.0,-3.0
2025-01-01 09:38:40,AAPL,185.43,168.68,152.01,183.03,141.92,185.45,168.70000000000002,152.04,183.06,141.95999999999998,32,96,92,48,39,40,42,77,76,8,381,0.13,-19.0,-14.0,-24.0,-7.0,38.0
2025-01-01 09:38:41,AAPL,165.39,192.26,105.67,102.95,117.83,165.44,192.3,105.7,102.96,117.88,80,67,10,71,85,53,95,87,57,91,347,-0.24,-13.0,-29.0,-10.0,19.0,-83.0
2025-01-01 09:38:42,AAPL,100.81,100.93,146.06,148.83,102.26,100.85,100.95,146.09,148.85000000000002,102.28,86,94,21,53,87,76,89,54,57,20,980,-0.88,-23.0,6.0,11.0,-18.0,71.0
2025-01-01 09:38:43,AAPL,130.53,189.66,164.14,177.01,114.16,130.57,189.67,164.16,177.04,114.19,13,30,25,85,60,59,85,28,58,20,488,0.65,-73.0,-64.0,4.0,32.0,-27.0
2025-01-01 09:38:44,AAPL,118.89,170.11,129.06,129.75,129.63,118.93,170.13000000000002,129.07,129.79,129.65,34,63,78,48,23,84,13,47,44,32,253,-0.73,-25.0,72.0,-19.0,14.0,-37.0
2025-01-01 09:38:45,AAPL,115.09,179.27,188.76,128.3,143.8,115.11,179.28,188.8,128.34,143.82000000000002,33,31,90,21,36,65,4,68,90,4,620,0.43,19.0,-32.0,12.0,-46.0,13.0
2025-01-01 09:38:46,AAPL,172.16,128.24,183.53,131.68,172.51,172.17,128.26000000000002,183.55,131.71,172.54999999999998,7,51,65,9,82,45,47,67,24,92,365,-0.98,-26.0,-43.0,1.0,-12.0,46.0
2025-01-01 09:38:47,AAPL,175.3,110.64,108.23,100.27,143.26,175.33,110.68,108.25,100.31,143.28,92,69,49,39,2,39,21,40,82,54,851,0.96,85.0,26.0,27.0,-58.0,38.0
2025-01-01 09:38:48,AAPL,154.55,195.01,117.94,102.54,103.94,154.58,195.02,117.99,102.56,103.96,81,81,61,75,84,10,29,48,98,81,601,-0.21,29.0,12.0,12.0,36.0,-27.0
2025-01-01 09:38:49,AAPL,132.23,161.04,193.91,167.17,107.47,132.26,161.09,193.92,167.22,107.52,87,58,52,29,35,75,48,33,75,73,689,0.55,-65.0,-19.0,-9.0,-46.0,-49.0
2025-01-01 09:38:50,AAPL,103.38,159.32,118.67,134.59,134.8,103.41,159.34,118.68,134.61,134.81,76,40,19,47,65,67,91,18,50,30,481,0.29,8.0,-43.0,15.0,25.0,30.0
2025-01-01 09:38:51,AAPL,182.67,110.69,150.48,169.71,158.68,182.71,110.7,150.51999999999998,169.74,158.71,90,33,26,90,40,65,59,15,1,11,154,-0.88,14.0,32.0,7.0,43.0,-25.0
2025-01-01 09:38:52,AAPL,105.13,138.02,133.72,171.79,174.28,105.14,138.04000000000002,133.74,171.82,174.3,85,77,18,58,60,88,27,68,22,24,651,0.32,-23.0,44.0,-53.0,-32.0,20.0
2025-01-01 09:38:53,AAPL,144.59,122.47,172.69,170.79,115.33,144.64,122.48,172.7,170.81,115.38,68,39,24,34,61,41,5,79,50,4,662,-0.51,-17.0,22.0,6.0,-28.0,20.0
2025-01-01 09:38:54,AAPL,115.26,185.92,146.75,140.42,144.95,115.31,185.96,146.79,140.44,144.97,24,39,21,94,47,48,13,3,32,35,886,0.19,-7.0,0.0,76.0,18.0,-14.0
2025-01-01 09:38:55,AAPL,187.22,104.76,138.55,115.82,169.54,187.23,104.8,138.57000000000002,115.84,169.59,77,42,83,40,50,35,24,88,17,40,301,-0.81,53.0,-11.0,-85.0,15.0,3.0
2025-01-01 09:38:56,AAPL,150.79,116.22,141.63,183.3,198.72,150.81,116.25,141.66,183.35,198.75,79,24,90,47,53,39,67,66,6,21,172,-0.49,-4.0,-18.0,7.0,7.0,3.0
2025-01-01 09:38:57,AAPL,126.26,103.93,130.54,174.46,104.75,126.28,103.97,130.57999999999998,174.49,104.79,77,26,86,21,2,47,30,27,71,20,661,-0.35,-8.0,37.0,39.0,-65.0,1.0
2025-01-01 09:38:58,AAPL,172.16,107.47,191.44,102.06,196.24,172.19,107.5,191.46,102.07,196.26,35,14,67,13,47,50,78,85,26,3,790,-0.54,-42.0,-12.0,-19.0,45.0,45.0
2025-01-01 09:38:59,AAPL,174.35,153.2,180.9,178.07,121.5,174.39,153.23999999999998,180.92,178.09,121.51,10,24,61,18,86,9,17,58,13,50,968,-0.97,-25.0,10.0,27.0,5.0,-47.0
2025-01-01 09:39:00,AAPL,173.39,107.36,162.91,179.3,113.26,173.42,107.4,162.93,179.32000000000002,113.28,57,26,6,16,60,12,75,3,63,64,840,0.49,-3.0,-58.0,55.0,-2.0,-14.0
2025-01-01 09:39:01,AAPL,160.46,168.64,101.84,131.18,163.78,160.47,168.64999999999998,101.88,131.22,163.8,42,64,54,78,77,71,76,37,4,2,326,0.56,-59.0,38.0,-34.0,59.0,17.0
2025-01-01 09:39:02,AAPL,157.52,198.53,124.75,107.97,106.99,157.56,198.58,124.76,108.01,107.03,15,66,75,11,8,55,96,6,53,20,454,-0.05,16.0,2.0,21.0,-49.0,-18.0
2025-01-01 09:39:03,AAPL,182.26,127.14,118.52,168.13,153.34,182.29,127.16,118.53,168.16,153.35,37,44,9,58,20,92,50,20,36,27,899,-1.0,22.0,46.0,-14.0,47.0,12.0
2025-01-01 09:39:04,AAPL,107.88,176.3,158.46,103.81,148.81,107.92,176.34,158.51000000000002,103.83,148.83,65,78,73,94,24,4,78,89,68,25,301,-0.39,88.0,34.0,64.0,-32.0,2.0
2025-01-01 09:39:05,AAPL,125.65,159.38,101.57,125.96,166.14,125.66,159.39,101.59,126.01,166.17999999999998,25,67,90,4,79,96,93,74,85,16,502,0.96,-40.0,-15.0,15.0,-90.0,55.0
2025-01-01 09:39:06,AAPL,188.22,157.49,139.8,136.44,101.21,188.24,157.53,139.83,136.49,101.22,13,65,16,86,64,32,80,51,79,58,273,-0.41,-12.0,13.0,-74.0,82.0,-42.0
2025-01-01 09:39:07,AAPL,171.02,111.54,140.68,184.8,136.77,171.05,111.57,140.72,184.85,136.78,71,46,47,79,38,21,14,2,72,70,968,-0.27,11.0,66.0,31.0,-7.0,-26.0
2025-01-01 09:39:08,AAPL,155.96,166.55,197.83,172.84,164.37,155.98000000000002,166.56,197.85,172.88,164.39,57,83,38,32,86,66,77,87,25,92,558,0.44,-45.0,37.0,-9.0,47.0,48.0
2025-01-01 09:39:09,AAPL,155.48,142.29,156.58,136.55,193.61,155.48999999999998,142.32999999999998,156.63000000000002,136.59,193.63,87,48,61,12,78,56,18,27,28,82,179,0.59,10.0,59.0,60.0,-3.0,-8.0
2025-01-01 09:39:10,AAPL,196.89,157.33,122.02,186.22,174.27,196.92,157.36,122.05,186.27,174.29000000000002,67,57,54,16,62,84,96,56,23,17,563,-0.81,-20.0,9.0,-29.0,4.0,65.0
2025-01-01 09:39:11,AAPL,160.64,145.15,193.85,112.25,121.2,160.64999999999998,145.18,193.87,112.29,121.23,57,58,91,99,16,28,98,1,41,48,519,0.65,56.0,-2.0,37.0,-18.0,-31.0
2025-01-01 09:39:12,AAPL,110.3,122.74,100.31,130.35,110.86,110.33,122.78,100.35,130.39,110.91,93,32,56,24,13,20,79,56,53,68,793,0.83,8.0,19.0,-55.0,-75.0,-20.0
2025-01-01 09:39:13,AAPL,147.03,156.92,192.81,153.03,135.36,147.07,156.95,192.83,153.07,135.4,41,52,83,82,49,27,6,74,66,24,521,-0.28,-52.0,20.0,27.0,58.0,36.0
2025-01-01 09:39:14,AAPL,173.76,159.97,117.76,130.37,133.68,173.79,160.01,117.81,130.41,133.72,98,35,34,86,31,87,19,68,24,84,522,-0.38,57.0,-17.0,6.0,42.0,-60.0
2025-01-01 09:39:15,AAPL,190.98,187.04,155.82,132.48,129.34,190.99,187.08,155.85,132.5,129.37,29,70,17,81,14,24,57,50,57,61,971,0.37,-69.0,35.0,-17.0,-5.0,23.0
2025-01-01 09:39:16,AAPL,174.27,117.99,191.44,175.11,193.34,174.29000000000002,118.04,191.46,175.12,193.38,22,4,81,72,46,59,34,11,31,11,219,-0.99,-35.0,23.0,64.0,-9.0,32.0
2025-01-01 09:39:17,AAPL,124.01,110.08,126.02,117.7,102.85,124.06,110.09,126.06,117.72,102.9,87,76,91,22,96,27,64,2,97,26,319,-0.58,32.0,-30.0,9.0,-66.0,-15.0
2025-01-01 09:39:18,AAPL,131.12,177.0,186.68,151.92,199.32,131.13,177.02,186.71,151.95,199.33,35,39,92,51,4,80,77,84,51,5,922,-0.18,-52.0,-37.0,1.0,29.0,-92.0
2025-01-01 09:39:19,AAPL,152.49,147.71,144.76,177.52,152.68,152.51000000000002,147.73000000000002,144.76999999999998,177.55,152.70000000000002,79,45,13,16,86,84,13,20,66,99,914,0.64,44.0,64.0,64.0,-35.0,-94.0
2025-01-01 09:39:20,AAPL,199.04,119.22,108.67,133.7,112.9,199.07,119.26,108.7,133.72,112.95,80,25,60,79,24,15,95,14,54,78,180,-0.17,1.0,-82.0,6.0,12.0,21.0
2025-01-01 09:39:21,AAPL,175.73,122.7,122.13,116.14,137.2,175.76999999999998,122.74,122.16,116.17,137.23999999999998,49,81,82,23,98,72,13,23,57,62,793,-0.03,-57.0,56.0,22.0,-3.0,74.0
2025-01-01 09:39:22,AAPL,134.11,154.16,167.52,163.33,146.25,134.14,154.18,167.53,163.37,146.27,18,70,59,32,21,40,92,27,2,97,563,0.78,32.0,-11.0,-23.0,9.0,-77.0
2025-01-01 09:39:23,AAPL,171.85,107.3,182.11,149.3,184.68,171.88,107.34,182.16000000000005,149.32000000000002,184.71,41,4,57,30,88,84,46,56,31,88,618,-0.94,23.0,46.0,-2.0,-29.0,67.0
2025-01-01 09:39:24,AAPL,146.93,192.46,139.76,162.49,177.98,146.97,192.49,139.79999999999998,162.52,178.03,15,53,38,48,52,88,72,28,85,16,863,-0.27,-4.0,49.0,28.0,18.0,72.0
2025-01-01 09:39:25,AAPL,143.42,113.11,145.54,181.05,182.81,143.45,113.14,145.54999999999998,181.09,182.84,66,64,8,86,25,66,73,73,77,70,193,-0.63,22.0,-1.0,-30.0,38.0,-27.0
2025-01-01 09:39:26,AAPL,106.48,176.27,142.74,162.66,172.76,106.52,176.3,142.77,162.69,172.79999999999998,68,35,51,47,36,64,95,89,13,18,467,0.04,2.0,-29.0,-16.0,64.0,52.0
2025-01-01 09:39:27,AAPL,168.0,108.58,146.09,174.36,198.58,168.04,108.6,146.13,174.39,198.6,51,69,41,72,11,80,88,85,52,23,660,-0.34,-17.0,7.0,-10.0,25.0,-25.0
2025-01-01 09:39:28,AAPL,111.87,157.04,190.64,178.41,162.25,111.89,157.07,190.65,178.45,162.29,93,45,8,86,29,2,50,65,20,52,824,-0.34,78.0,-24.0,-33.0,14.0,-29.0
2025-01-01 09:39:29,AAPL,186.05,147.38,179.96,158.06,177.31,186.07,147.42,179.98000000000002,158.09,177.33,44,36,19,6,25,31,9,84,74,37,254,0.97,-49.0,41.0,-19.0,-54.0,-4.0
2025-01-01 09:39:30,AAPL,101.99,169.9,125.29,104.05,140.29,102.04,169.91,125.32,104.08,140.32999999999998,81,13,71,16,97,45,65,11,70,20,454,0.91,-14.0,-23.0,73.0,4.0,17.0
2025-01-01 09:39:31,AAPL,192.13,105.4,136.03,181.31,161.16,192.17,105.44,136.06,181.32,161.19,49,21,1,92,58,79,55,81,26,84,508,-0.78,-32.0,10.0,-70.0,76.0,-39.0
2025-01-01 09:39:32,AAPL,110.81,142.79,109.87,161.91,114.37,110.84,142.79999999999998,109.89,161.95,114.4,99,36,17,28,92,22,7,15,96,11,891,-0.44,57.0,15.0,66.0,-70.0,73.0
2025-01-01 09:39:33,AAPL,136.8,107.76,171.35,100.36,104.65,136.81,107.8,171.38,100.38,104.7,48,49,53,56,40,24,98,72,33,23,944,0.11,-51.0,-91.0,36.0,63.0,-12.0
2025-01-01 09:39:34,AAPL,125.32,195.56,102.86,119.97,124.23,125.35,195.58,102.89,120.01,124.27,13,24,30,2,83,25,50,14,6,76,695,-0.43,-1.0,-25.0,58.0,-54.0,43.0
2025-01-01 09:39:35,AAPL,140.24,173.95,196.85,145.55,182.95,140.29000000000002,173.98999999999998,196.87,145.56,182.98,68,65,55,84,78,40,25,25,3,69,201,0.31,55.0,25.0,25.0,82.0,-5.0
2025-01-01 09:39:36,AAPL,176.94,115.67,174.15,159.94,105.76,176.98,115.7,174.17000000000002,159.97,105.78,38,16,21,92,97,6,41,15,3,43,658,0.27,-30.0,-16.0,10.0,8.0,26.0
2025-01-01 09:39:37,AAPL,105.3,124.3,179.55,104.96,185.51,105.34,124.33,179.57000000000002,104.97,185.55,85,85,85,60,44,96,5,73,18,21,683,0.9,-90.0,69.0,64.0,-15.0,-53.0
2025-01-01 09:39:38,AAPL,184.75,133.3,140.0,142.33,162.62,184.77,133.35000000000002,140.03,142.36,162.66,75,95,82,23,86,43,82,40,47,41,274,0.13,-10.0,10.0,33.0,-37.0,-20.0
2025-01-01 09:39:39,AAPL,195.03,107.24,129.53,119.35,155.38,195.06,107.26,129.57,119.38,155.4,35,74,94,53,38,93,59,43,4,5,167,-0.69,-40.0,23.0,-3.0,43.0,36.0
2025-01-01 09:39:40,AAPL,108.29,164.18,147.19,190.79,136.32,108.31,164.21,147.22,190.81,136.36,59,96,6,98,56,8,94,27,71,27,572,0.35,85.0,22.0,-88.0,45.0,-22.0
2025-01-01 09:39:41,AAPL,147.6,199.38,172.89,195.25,183.5,147.65,199.42,172.92,195.27,183.52,41,9,63,77,37,14,73,72,39,40,665,0.39,-18.0,-87.0,57.0,-21.0,-19.0
2025-01-01 09:39:42,AAPL,194.21,117.91,110.33,105.21,143.6,194.24,117.95,110.37,105.23,143.63,90,81,28,19,27,48,19,97,51,7,768,-0.17,49.0,54.0,-25.0,-12.0,33.0
2025-01-01 09:39:43,AAPL,108.23,160.65,110.37,183.59,181.46,108.26,160.67000000000002,110.38,183.63,181.49,3,91,79,98,45,22,23,59,62,68,854,-0.87,26.0,10.0,51.0,79.0,18.0
2025-01-01 09:39:44,AAPL,153.18,106.21,176.66,171.92,188.17,153.22,106.22,176.68,171.95999999999998,188.19,45,73,79,39,97,65,69,56,9,70,784,0.41,42.0,-46.0,0.0,53.0,52.0
2025-01-01 09:39:45,AAPL,153.42,167.89,187.36,143.23,141.28,153.45999999999998,167.92,187.37,143.28,141.29,85,60,38,15,18,52,29,60,21,17,598,0.92,40.0,-13.0,-41.0,-12.0,53.0
2025-01-01 09:39:46,AAPL,159.21,181.95,182.53,106.64,117.09,159.23000000000002,181.97,182.57,106.67,117.12,83,55,19,62,87,91,91,39,76,27,901,-0.96,-2.0,-5.0,21.0,-55.0,-10.0
2025-01-01 09:39:47,AAPL,157.0,133.45,100.88,119.04,194.09,157.03,133.5,100.91,119.07,194.12,22,16,32,66,90,14,38,98,8,21,411,0.8,77.0,53.0,-59.0,4.0,3.0
2025-01-01 09:39:48,AAPL,197.65,190.18,112.74,182.37,140.98,197.7,190.21,112.77,182.4,141.0,81,38,99,94,6,68,51,35,58,57,300,0.72,59.0,22.0,67.0,28.0,-36.0
2025-01-01 09:39:49,AAPL,170.02,154.77,160.96,109.11,147.39,170.04000000000002,154.79000000000002,161.0,109.16,147.42,98,43,95,78,54,47,14,48,55,29,674,-0.49,21.0,37.0,-4.0,3.0,48.0
2025-01-01 09:39:50,AAPL,193.05,159.41,180.1,139.72,121.22,193.1,159.46,180.13,139.73,121.23,88,80,84,15,7,17,86,86,64,12,821,0.16,-10.0,37.0,-11.0,-63.0,17.0
2025-01-01 09:39:51,AAPL,161.73,140.52,130.44,168.25,184.76,161.76999999999998,140.57000000000002,130.48,168.29,184.78,50,93,1,72,57,16,28,86,82,22,652,-0.06,1.0,58.0,-0.0,57.0,50.0
2025-01-01 09:39:52,AAPL,145.88,198.36,139.24,136.23,131.86,145.93,198.39,139.27,136.25,131.89,24,26,90,90,10,17,78,2,77,27,682,-0.99,-1.0,-67.0,89.0,5.0,-5.0
2025-01-01 09:39:53,AAPL,124.53,170.46,109.92,190.89,121.5,124.55,170.48000000000002,109.93,190.93,121.55,84,44,39,40,7,70,25,59,13,86,852,-0.12,-53.0,53.0,-57.0,-50.0,-59.0
2025-01-01 09:39:54,AAPL,129.78,145.59,107.12,179.87,124.33,129.82,145.6,107.17,179.89,124.38,56,12,96,92,55,28,89,4,90,36,277,-0.9,-28.0,-64.0,55.0,-77.0,48.0
2025-01-01 09:39:55,AAPL,126.37,106.5,136.89,183.28,132.63,126.41,106.51,136.92999999999998,183.3,132.67,50,89,26,56,78,14,78,25,4,79,899,0.9,14.0,11.0,-70.0,-36.0,23.0
2025-01-01 09:39:56,AAPL,132.91,109.49,199.68,126.78,185.13,132.93,109.53,199.71,126.83,185.16,16,5,98,23,43,89,57,51,13,24,750,-0.71,-34.0,-84.0,72.0,-9.0,-35.0
2025-01-01 09:39:57,AAPL,149.21,139.39,161.13,104.45,175.21,149.22,139.42999999999998,161.14,104.49,175.23000000000002,21,86,42,74,74,29,80,65,17,30,893,-0.63,5.0,81.0,-14.0,-4.0,-6.0
2025-01-01 09:39:58,AAPL,175.05,133.91,170.99,104.79,140.79,175.09,133.93,171.03,104.83,140.82,70,26,2,59,96,5,37,31,76,99,449,-0.46,49.0,43.0,-40.0,-15.0,-69.0
2025-01-01 09:39:59,AAPL,166.79,180.64,116.41,144.25,149.38,166.81,180.67,116.43,144.27,149.42,46,73,84,59,21,74,22,29,63,73,672,-0.25,-69.0,47.0,2.0,0.0,-75.0
2025-01-01 09:40:00,AAPL,170.73,167.17,119.62,167.15,125.24,170.73999999999998,167.20999999999998,119.66,167.18,125.27,11,10,39,98,31,12,80,38,67,66,407,0.29,-35.0,-58.0,-45.0,39.0,7.0
