timestamp,stock,volume,price_change
2025-01-01 09:30:00,AAPL,260,-0.39
2025-01-01 09:30:01,AAPL,700,0.93
2025-01-01 09:30:02,AAPL,655,0.88
2025-01-01 09:30:03,AAPL,620,0.54
2025-01-01 09:30:04,AAPL,783,0.28
2025-01-01 09:30:05,AAPL,330,-0.18
2025-01-01 09:30:06,AAPL,476,0.3
2025-01-01 09:30:07,AAPL,486,-0.4
2025-01-01 09:30:08,AAPL,936,0.26
2025-01-01 09:30:09,AAPL,971,-0.72
2025-01-01 09:30:10,AAPL,230,0.71
2025-01-01 09:30:11,AAPL,900,-0.01
2025-01-01 09:30:12,AAPL,978,-0.01
2025-01-01 09:30:13,AAPL,352,-0.23
2025-01-01 09:30:14,AAPL,576,-0.41
2025-01-01 09:30:15,AAPL,764,-0.69
2025-01-01 09:30:16,AAPL,755,0.95
2025-01-01 09:30:17,AAPL,803,0.11
2025-01-01 09:30:18,AAPL,456,-0.2
2025-01-01 09:30:19,AAPL,790,0.64
2025-01-01 09:30:20,AAPL,600,-0.3
2025-01-01 09:30:21,AAPL,316,-0.52
2025-01-01 09:30:22,AAPL,990,-0.57
2025-01-01 09:30:23,AAPL,492,0.64
2025-01-01 09:30:24,AAPL,138,-0.13
2025-01-01 09:30:25,AAPL,928,-0.35
2025-01-01 09:30:26,AAPL,457,-0.09
2025-01-01 09:30:27,AAPL,352,0.88
2025-01-01 09:30:28,AAPL,560,-0.87
2025-01-01 09:30:29,AAPL,816,-0.59
2025-01-01 09:30:30,AAPL,677,0.61
2025-01-01 09:30:31,AAPL,429,0.54
2025-01-01 09:30:32,AAPL,766,0.34
2025-01-01 09:30:33,AAPL,338,0.02
2025-01-01 09:30:34,AAPL,102,0.79
2025-01-01 09:30:35,AAPL,166,0.3
2025-01-01 09:30:36,AAPL,602,-0.02
2025-01-01 09:30:37,AAPL,293,0.11
2025-01-01 09:30:38,AAPL,360,-0.87
2025-01-01 09:30:39,AAPL,646,0.85
2025-01-01 09:30:40,AAPL,899,-0.07
2025-01-01 09:30:41,AAPL,577,0.79
2025-01-01 09:30:42,AAPL,360,-0.03
2025-01-01 09:30:43,AAPL,309,0.22
2025-01-01 09:30:44,AAPL,712,0.97
2025-01-01 09:30:45,AAPL,309,-0.04
2025-01-01 09:30:46,AAPL,729,0.72
2025-01-01 09:30:47,AAPL,601,-0.12
2025-01-01 09:30:48,AAPL,858,-0.49
2025-01-01 09:30:49,AAPL,106,0.27
2025-01-01 09:30:50,AAPL,152,-0.41
2025-01-01 09:30:51,AAPL,826,0.37
2025-01-01 09:30:52,AAPL,784,0.68
2025-01-01 09:30:53,AAPL,168,-0.03
2025-01-01 09:30:54,AAPL,230,-0.84
2025-01-01 09:30:55,AAPL,584,0.38
2025-01-01 09:30:56,AAPL,826,0.59
2025-01-01 09:30:57,AAPL,496,0.25
2025-01-01 09:30:58,AAPL,458,0.05
2025-01-01 09:30:59,AAPL,906,0.76
2025-01-01 09:31:00,AAPL,146,-0.57
2025-01-01 09:31:01,AAPL,748,-0.91
2025-01-01 09:31:02,AAPL,213,-0.01
2025-01-01 09:31:03,AAPL,455,0.24
2025-01-01 09:31:04,AAPL,766,0.96
2025-01-01 09:31:05,AAPL,830,-0.67
2025-01-01 09:31:06,AAPL,558,0.37
2025-01-01 09:31:07,AAPL,120,0.82
2025-01-01 09:31:08,AAPL,756,-0.82
2025-01-01 09:31:09,AAPL,825,0.16
2025-01-01 09:31:10,AAPL,500,-0.79
2025-01-01 09:31:11,AAPL,205,-0.67
2025-01-01 09:31:12,AAPL,121,-0.1
2025-01-01 09:31:13,AAPL,822,-0.54
2025-01-01 09:31:14,AAPL,251,0.09
2025-01-01 09:31:15,AAPL,199,0.82
2025-01-01 09:31:16,AAPL,548,0.55
2025-01-01 09:31:17,AAPL,786,0.33
2025-01-01 09:31:18,AAPL,305,0.38
2025-01-01 09:31:19,AAPL,875,-0.69
2025-01-01 09:31:20,AAPL,753,-0.21
2025-01-01 09:31:21,AAPL,950,0.74
2025-01-01 09:31:22,AAPL,876,-0.24
2025-01-01 09:31:23,AAPL,892,0.31
2025-01-01 09:31:24,AAPL,444,0.04
2025-01-01 09:31:25,AAPL,125,-0.58
2025-01-01 09:31:26,AAPL,660,0.47
2025-01-01 09:31:27,AAPL,852,-0.97
2025-01-01 09:31:28,AAPL,527,-0.53
2025-01-01 09:31:29,AAPL,576,0.38
2025-01-01 09:31:30,AAPL,555,0.51
2025-01-01 09:31:31,AAPL,410,-0.68
2025-01-01 09:31:32,AAPL,774,-0.65
2025-01-01 09:31:33,AAPL,636,-0.53
2025-01-01 09:31:34,AAPL,741,-0.03
2025-01-01 09:31:35,AAPL,330,0.45
2025-01-01 09:31:36,AAPL,164,-0.35
2025-01-01 09:31:37,AAPL,653,0.57
2025-01-01 09:31:38,AAPL,954,0.04
2025-01-01 09:31:39,AAPL,598,-0.63
2025-01-01 09:31:40,AAPL,716,0.29
2025-01-01 09:31:41,AAPL,587,-0.14
2025-01-01 09:31:42,AAPL,762,0.31
2025-01-01 09:31:43,AAPL,614,-0.4
2025-01-01 09:31:44,AAPL,330,0.23
2025-01-01 09:31:45,AAPL,119,0.56
2025-01-01 09:31:46,AAPL,987,0.21
2025-01-01 09:31:47,AAPL,930,-0.56
2025-01-01 09:31:48,AAPL,718,-0.95
2025-01-01 09:31:49,AAPL,740,0.56
2025-01-01 09:31:50,AAPL,281,-0.14
2025-01-01 09:31:51,AAPL,525,0.66
2025-01-01 09:31:52,AAPL,763,-0.77
2025-01-01 09:31:53,AAPL,393,0.61
2025-01-01 09:31:54,AAPL,980,-0.95
2025-01-01 09:31:55,AAPL,171,0.6
2025-01-01 09:31:56,AAPL,465,-0.83
2025-01-01 09:31:57,AAPL,765,-0.84
2025-01-01 09:31:58,AAPL,255,0.65
2025-01-01 09:31:59,AAPL,582,0.37
2025-01-01 09:32:00,AAPL,492,0.58
2025-01-01 09:32:01,AAPL,713,-0.44
2025-01-01 09:32:02,AAPL,364,-0.98
2025-01-01 09:32:03,AAPL,878,0.99
2025-01-01 09:32:04,AAPL,687,-0.07
2025-01-01 09:32:05,AAPL,460,0.01
2025-01-01 09:32:06,AAPL,148,-0.98
2025-01-01 09:32:07,AAPL,140,-0.94
2025-01-01 09:32:08,AAPL,442,0.44
2025-01-01 09:32:09,AAPL,918,0.19
2025-01-01 09:32:10,AAPL,456,-0.75
2025-01-01 09:32:11,AAPL,162,-0.8
2025-01-01 09:32:12,AAPL,518,-0.32
2025-01-01 09:32:13,AAPL,254,-0.58
2025-01-01 09:32:14,AAPL,737,-0.22
2025-01-01 09:32:15,AAPL,379,1.0
2025-01-01 09:32:16,AAPL,921,0.07
2025-01-01 09:32:17,AAPL,498,0.21
2025-01-01 09:32:18,AAPL,905,-0.49
2025-01-01 09:32:19,AAPL,833,-0.98
2025-01-01 09:32:20,AAPL,901,-0.84
2025-01-01 09:32:21,AAPL,112,0.33
2025-01-01 09:32:22,AAPL,130,0.78
2025-01-01 09:32:23,AAPL,730,-0.68
2025-01-01 09:32:24,AAPL,256,0.86
2025-01-01 09:32:25,AAPL,828,0.41
2025-01-01 09:32:26,AAPL,402,-0.78
2025-01-01 09:32:27,AAPL,362,-0.75
2025-01-01 09:32:28,AAPL,201,-0.33
2025-01-01 09:32:29,AAPL,894,0.15
2025-01-01 09:32:30,AAPL,875,0.57
2025-01-01 09:32:31,AAPL,242,0.12
2025-01-01 09:32:32,AAPL,799,0.08
2025-01-01 09:32:33,AAPL,309,0.09
2025-01-01 09:32:34,AAPL,798,0.96
2025-01-01 09:32:35,AAPL,451,-0.38
2025-01-01 09:32:36,AAPL,702,-0.49
2025-01-01 09:32:37,AAPL,116,0.58
2025-01-01 09:32:38,AAPL,923,0.16
2025-01-01 09:32:39,AAPL,520,-0.08
2025-01-01 09:32:40,AAPL,456,0.45
2025-01-01 09:32:41,AAPL,305,-0.75
2025-01-01 09:32:42,AAPL,935,0.9
2025-01-01 09:32:43,AAPL,172,-0.31
2025-01-01 09:32:44,AAPL,369,0.69
2025-01-01 09:32:45,AAPL,194,-0.38
2025-01-01 09:32:46,AAPL,196,-0.14
2025-01-01 09:32:47,AAPL,227,0.5
2025-01-01 09:32:48,AAPL,303,-0.85
2025-01-01 09:32:49,AAPL,408,-0.97
2025-01-01 09:32:50,AAPL,990,0.54
2025-01-01 09:32:51,AAPL,789,-0.81
2025-01-01 09:32:52,AAPL,836,-0.57
2025-01-01 09:32:53,AAPL,987,0.98
2025-01-01 09:32:54,AAPL,191,-0.16
2025-01-01 09:32:55,AAPL,120,0.49
2025-01-01 09:32:56,AAPL,721,-0.29
2025-01-01 09:32:57,AAPL,338,0.35
2025-01-01 09:32:58,AAPL,333,0.22
2025-01-01 09:32:59,AAPL,857,0.15
2025-01-01 09:33:00,AAPL,350,-0.05
2025-01-01 09:33:01,AAPL,998,-0.97
2025-01-01 09:33:02,AAPL,320,0.12
2025-01-01 09:33:03,AAPL,603,0.1
2025-01-01 09:33:04,AAPL,499,0.52
2025-01-01 09:33:05,AAPL,494,-0.62
2025-01-01 09:33:06,AAPL,967,0.65
2025-01-01 09:33:07,AAPL,219,0.72
2025-01-01 09:33:08,AAPL,672,0.72
2025-01-01 09:33:09,AAPL,794,0.67
2025-01-01 09:33:10,AAPL,639,0.06
2025-01-01 09:33:11,AAPL,670,0.39
2025-01-01 09:33:12,AAPL,217,0.37
2025-01-01 09:33:13,AAPL,727,-0.51
2025-01-01 09:33:14,AAPL,730,-0.21
2025-01-01 09:33:15,AAPL,459,-0.59
2025-01-01 09:33:16,AAPL,401,0.61
2025-01-01 09:33:17,AAPL,629,0.33
2025-01-01 09:33:18,AAPL,147,-0.19
2025-01-01 09:33:19,AAPL,521,0.71
2025-01-01 09:33:20,AAPL,354,-0.32
2025-01-01 09:33:21,AAPL,157,-0.53
2025-01-01 09:33:22,AAPL,705,-0.59
2025-01-01 09:33:23,AAPL,239,0.45
2025-01-01 09:33:24,AAPL,713,-0.96
2025-01-01 09:33:25,AAPL,317,0.83
2025-01-01 09:33:26,AAPL,571,-0.25
2025-01-01 09:33:27,AAPL,382,-0.89
2025-01-01 09:33:28,AAPL,568,0.47
2025-01-01 09:33:29,AAPL,291,0.8
2025-01-01 09:33:30,AAPL,207,-0.79
2025-01-01 09:33:31,AAPL,860,0.16
2025-01-01 09:33:32,AAPL,608,-0.23
2025-01-01 09:33:33,AAPL,483,-0.52
2025-01-01 09:33:34,AAPL,227,0.32
2025-01-01 09:33:35,AAPL,603,-0.07
2025-01-01 09:33:36,AAPL,717,0.69
2025-01-01 09:33:37,AAPL,292,-0.2
2025-01-01 09:33:38,AAPL,685,0.8
2025-01-01 09:33:39,AAPL,430,-0.16
2025-01-01 09:33:40,AAPL,674,-0.9
2025-01-01 09:33:41,AAPL,294,-0.03
2025-01-01 09:33:42,AAPL,752,-0.51
2025-01-01 09:33:43,AAPL,935,-0.46
2025-01-01 09:33:44,AAPL,963,0.7
2025-01-01 09:33:45,AAPL,207,-0.88
2025-01-01 09:33:46,AAPL,944,0.32
2025-01-01 09:33:47,AAPL,887,-0.03
2025-01-01 09:33:48,AAPL,249,-0.71
2025-01-01 09:33:49,AAPL,495,-0.35
2025-01-01 09:33:50,AAPL,289,0.08
2025-01-01 09:33:51,AAPL,153,0.75
2025-01-01 09:33:52,AAPL,871,-0.15
2025-01-01 09:33:53,AAPL,539,-0.89
2025-01-01 09:33:54,AAPL,458,-0.07
2025-01-01 09:33:55,AAPL,528,-0.76
2025-01-01 09:33:56,AAPL,419,0.63
2025-01-01 09:33:57,AAPL,170,0.19
2025-01-01 09:33:58,AAPL,138,0.0
2025-01-01 09:33:59,AAPL,865,0.87
2025-01-01 09:34:00,AAPL,847,0.5
2025-01-01 09:34:01,AAPL,323,-0.56
2025-01-01 09:34:02,AAPL,722,0.71
2025-01-01 09:34:03,AAPL,507,0.05
2025-01-01 09:34:04,AAPL,654,0.11
2025-01-01 09:34:05,AAPL,368,-0.66
2025-01-01 09:34:06,AAPL,986,0.22
2025-01-01 09:34:07,AAPL,627,0.27
2025-01-01 09:34:08,AAPL,412,-0.6
2025-01-01 09:34:09,AAPL,200,0.82
2025-01-01 09:34:10,AAPL,100,-0.61
2025-01-01 09:34:11,AAPL,120,-0.15
2025-01-01 09:34:12,AAPL,988,0.77
2025-01-01 09:34:13,AAPL,173,0.82
2025-01-01 09:34:14,AAPL,733,0.15
2025-01-01 09:34:15,AAPL,566,0.91
2025-01-01 09:34:16,AAPL,314,0.71
2025-01-01 09:34:17,AAPL,825,0.72
2025-01-01 09:34:18,AAPL,798,0.21
2025-01-01 09:34:19,AAPL,661,0.26
2025-01-01 09:34:20,AAPL,864,-0.17
2025-01-01 09:34:21,AAPL,961,0.19
2025-01-01 09:34:22,AAPL,994,-0.14
2025-01-01 09:34:23,AAPL,288,0.02
2025-01-01 09:34:24,AAPL,943,0.91
2025-01-01 09:34:25,AAPL,225,-0.01
2025-01-01 09:34:26,AAPL,809,-0.84
2025-01-01 09:34:27,AAPL,305,0.09
2025-01-01 09:34:28,AAPL,490,-0.48
2025-01-01 09:34:29,AAPL,708,0.88
2025-01-01 09:34:30,AAPL,815,0.2
2025-01-01 09:34:31,AAPL,526,-0.83
2025-01-01 09:34:32,AAPL,251,-0.84
2025-01-01 09:34:33,AAPL,637,-0.15
2025-01-01 09:34:34,AAPL,507,0.69
2025-01-01 09:34:35,AAPL,535,0.06
2025-01-01 09:34:36,AAPL,479,0.48
2025-01-01 09:34:37,AAPL,873,-0.59
2025-01-01 09:34:38,AAPL,992,-0.13
2025-01-01 09:34:39,AAPL,118,0.85
2025-01-01 09:34:40,AAPL,953,0.12
2025-01-01 09:34:41,AAPL,952,-0.44
2025-01-01 09:34:42,AAPL,675,0.1
2025-01-01 09:34:43,AAPL,317,0.73
2025-01-01 09:34:44,AAPL,896,-0.56
2025-01-01 09:34:45,AAPL,496,0.3
2025-01-01 09:34:46,AAPL,952,-0.06
2025-01-01 09:34:47,AAPL,411,-0.76
2025-01-01 09:34:48,AAPL,406,-0.59
2025-01-01 09:34:49,AAPL,781,0.85
2025-01-01 09:34:50,AAPL,314,-0.99
2025-01-01 09:34:51,AAPL,313,0.38
2025-01-01 09:34:52,AAPL,513,0.23
2025-01-01 09:34:53,AAPL,504,-0.81
2025-01-01 09:34:54,AAPL,903,-0.05
2025-01-01 09:34:55,AAPL,292,0.18
2025-01-01 09:34:56,AAPL,217,-0.68
2025-01-01 09:34:57,AAPL,295,0.21
2025-01-01 09:34:58,AAPL,310,-0.32
2025-01-01 09:34:59,AAPL,865,0.32
2025-01-01 09:35:00,AAPL,378,-0.76
2025-01-01 09:35:01,AAPL,578,0.7
2025-01-01 09:35:02,AAPL,787,-0.56
2025-01-01 09:35:03,AAPL,578,-0.46
2025-01-01 09:35:04,AAPL,541,0.97
2025-01-01 09:35:05,AAPL,811,-0.95
2025-01-01 09:35:06,AAPL,863,-0.92
2025-01-01 09:35:07,AAPL,709,0.75
2025-01-01 09:35:08,AAPL,664,0.67
2025-01-01 09:35:09,AAPL,702,-0.82
2025-01-01 09:35:10,AAPL,213,-0.38
2025-01-01 09:35:11,AAPL,962,0.95
2025-01-01 09:35:12,AAPL,401,-0.12
2025-01-01 09:35:13,AAPL,315,0.93
2025-01-01 09:35:14,AAPL,105,0.16
2025-01-01 09:35:15,AAPL,944,-0.58
2025-01-01 09:35:16,AAPL,581,-0.41
2025-01-01 09:35:17,AAPL,211,0.64
2025-01-01 09:35:18,AAPL,165,0.35
2025-01-01 09:35:19,AAPL,854,-0.55
2025-01-01 09:35:20,AAPL,992,-0.67
2025-01-01 09:35:21,AAPL,807,-0.17
2025-01-01 09:35:22,AAPL,614,0.26
2025-01-01 09:35:23,AAPL,385,-0.86
2025-01-01 09:35:24,AAPL,792,-0.53
2025-01-01 09:35:25,AAPL,995,-0.6
2025-01-01 09:35:26,AAPL,964,-0.02
2025-01-01 09:35:27,AAPL,285,0.83
2025-01-01 09:35:28,AAPL,133,-0.75
2025-01-01 09:35:29,AAPL,432,0.02
2025-01-01 09:35:30,AAPL,933,0.36
2025-01-01 09:35:31,AAPL,175,0.63
2025-01-01 09:35:32,AAPL,101,0.33
2025-01-01 09:35:33,AAPL,924,0.92
2025-01-01 09:35:34,AAPL,355,-0.82
2025-01-01 09:35:35,AAPL,189,-0.91
2025-01-01 09:35:36,AAPL,762,-0.32
2025-01-01 09:35:37,AAPL,482,-0.58
2025-01-01 09:35:38,AAPL,202,-0.32
2025-01-01 09:35:39,AAPL,124,-0.36
2025-01-01 09:35:40,AAPL,712,-0.6
2025-01-01 09:35:41,AAPL,582,-0.65
2025-01-01 09:35:42,AAPL,732,0.97
2025-01-01 09:35:43,AAPL,753,-0.96
2025-01-01 09:35:44,AAPL,773,0.04
2025-01-01 09:35:45,AAPL,392,0.6
2025-01-01 09:35:46,AAPL,800,-0.57
2025-01-01 09:35:47,AAPL,851,-0.76
2025-01-01 09:35:48,AAPL,722,0.7
2025-01-01 09:35:49,AAPL,863,0.34
2025-01-01 09:35:50,AAPL,900,0.87
2025-01-01 09:35:51,AAPL,729,-0.47
2025-01-01 09:35:52,AAPL,669,0.42
2025-01-01 09:35:53,AAPL,754,-0.67
2025-01-01 09:35:54,AAPL,579,0.11
2025-01-01 09:35:55,AAPL,265,-0.17
2025-01-01 09:35:56,AAPL,755,0.53
2025-01-01 09:35:57,AAPL,433,0.19
2025-01-01 09:35:58,AAPL,926,-0.46
2025-01-01 09:35:59,AAPL,693,-0.28
2025-01-01 09:36:00,AAPL,738,0.05
2025-01-01 09:36:01,AAPL,227,0.26
2025-01-01 09:36:02,AAPL,637,-0.85
2025-01-01 09:36:03,AAPL,432,-0.03
2025-01-01 09:36:04,AAPL,778,-0.99
2025-01-01 09:36:05,AAPL,829,-0.5
2025-01-01 09:36:06,AAPL,301,-0.48
2025-01-01 09:36:07,AAPL,415,0.95
2025-01-01 09:36:08,AAPL,297,0.79
2025-01-01 09:36:09,AAPL,164,0.14
2025-01-01 09:36:10,AAPL,891,0.05
2025-01-01 09:36:11,AAPL,515,0.12
2025-01-01 09:36:12,AAPL,204,-0.12
2025-01-01 09:36:13,AAPL,897,-0.05
2025-01-01 09:36:14,AAPL,799,0.5
2025-01-01 09:36:15,AAPL,268,0.09
2025-01-01 09:36:16,AAPL,882,-0.37
2025-01-01 09:36:17,AAPL,895,-0.56
2025-01-01 09:36:18,AAPL,364,0.62
2025-01-01 09:36:19,AAPL,265,0.24
2025-01-01 09:36:20,AAPL,576,0.26
2025-01-01 09:36:21,AAPL,184,-0.33
2025-01-01 09:36:22,AAPL,549,0.32
2025-01-01 09:36:23,AAPL,753,0.7
2025-01-01 09:36:24,AAPL,304,0.31
2025-01-01 09:36:25,AAPL,242,0.13
2025-01-01 09:36:26,AAPL,897,0.91
2025-01-01 09:36:27,AAPL,412,0.34
2025-01-01 09:36:28,AAPL,678,0.41
2025-01-01 09:36:29,AAPL,378,-0.96
2025-01-01 09:36:30,AAPL,751,0.83
2025-01-01 09:36:31,AAPL,716,0.86
2025-01-01 09:36:32,AAPL,173,-0.63
2025-01-01 09:36:33,AAPL,286,-0.43
2025-01-01 09:36:34,AAPL,234,-0.94
2025-01-01 09:36:35,AAPL,541,-0.84
2025-01-01 09:36:36,AAPL,888,0.55
2025-01-01 09:36:37,AAPL,637,0.73
2025-01-01 09:36:38,AAPL,679,-0.18
2025-01-01 09:36:39,AAPL,649,0.89
2025-01-01 09:36:40,AAPL,424,0.43
2025-01-01 09:36:41,AAPL,767,-0.05
2025-01-01 09:36:42,AAPL,977,0.81
2025-01-01 09:36:43,AAPL,903,-0.75
2025-01-01 09:36:44,AAPL,155,0.68
2025-01-01 09:36:45,AAPL,533,0.67
2025-01-01 09:36:46,AAPL,575,0.41
2025-01-01 09:36:47,AAPL,814,0.89
2025-01-01 09:36:48,AAPL,761,0.41
2025-01-01 09:36:49,AAPL,752,0.18
2025-01-01 09:36:50,AAPL,222,-0.96
2025-01-01 09:36:51,AAPL,632,0.38
2025-01-01 09:36:52,AAPL,931,-0.61
2025-01-01 09:36:53,AAPL,328,-0.77
2025-01-01 09:36:54,AAPL,154,0.67
2025-01-01 09:36:55,AAPL,836,0.76
2025-01-01 09:36:56,AAPL,220,-0.74
2025-01-01 09:36:57,AAPL,748,0.32
2025-01-01 09:36:58,AAPL,620,-0.42
2025-01-01 09:36:59,AAPL,272,-0.53
2025-01-01 09:37:00,AAPL,291,-0.18
2025-01-01 09:37:01,AAPL,616,0.45
2025-01-01 09:37:02,AAPL,930,0.78
2025-01-01 09:37:03,AAPL,138,0.15
2025-01-01 09:37:04,AAPL,300,0.37
2025-01-01 09:37:05,AAPL,307,0.45
2025-01-01 09:37:06,AAPL,960,-0.0
2025-01-01 09:37:07,AAPL,698,-0.29
2025-01-01 09:37:08,AAPL,405,-0.19
2025-01-01 09:37:09,AAPL,670,0.45
2025-01-01 09:37:10,AAPL,416,0.34
2025-01-01 09:37:11,AAPL,932,-0.4
2025-01-01 09:37:12,AAPL,868,-0.22
2025-01-01 09:37:13,AAPL,897,0.01
2025-01-01 09:37:14,AAPL,175,0.89
2025-01-01 09:37:15,AAPL,722,0.68
2025-01-01 09:37:16,AAPL,463,-0.61
2025-01-01 09:37:17,AAPL,191,0.13
2025-01-01 09:37:18,AAPL,438,-0.46
2025-01-01 09:37:19,AAPL,334,0.29
2025-01-01 09:37:20,AAPL,128,1.0
2025-01-01 09:37:21,AAPL,969,0.06
2025-01-01 09:37:22,AAPL,769,-0.96
2025-01-01 09:37:23,AAPL,363,0.68
2025-01-01 09:37:24,AAPL,375,-0.49
2025-01-01 09:37:25,AAPL,982,-0.19
2025-01-01 09:37:26,AAPL,882,-0.8
2025-01-01 09:37:27,AAPL,906,0.26
2025-01-01 09:37:28,AAPL,991,0.17
2025-01-01 09:37:29,AAPL,443,0.81
2025-01-01 09:37:30,AAPL,721,-0.18
2025-01-01 09:37:31,AAPL,585,0.94
2025-01-01 09:37:32,AAPL,918,0.34
2025-01-01 09:37:33,AAPL,417,-0.13
2025-01-01 09:37:34,AAPL,731,-0.52
2025-01-01 09:37:35,AAPL,264,-0.25
2025-01-01 09:37:36,AAPL,608,-0.61
2025-01-01 09:37:37,AAPL,326,0.42
2025-01-01 09:37:38,AAPL,746,0.23
2025-01-01 09:37:39,AAPL,429,0.02
2025-01-01 09:37:40,AAPL,168,0.04
2025-01-01 09:37:41,AAPL,478,-0.46
2025-01-01 09:37:42,AAPL,458,-0.78
2025-01-01 09:37:43,AAPL,207,0.74
2025-01-01 09:37:44,AAPL,312,0.41
2025-01-01 09:37:45,AAPL,144,0.17
2025-01-01 09:37:46,AAPL,537,0.86
2025-01-01 09:37:47,AAPL,230,-0.24
2025-01-01 09:37:48,AAPL,486,-0.33
2025-01-01 09:37:49,AAPL,240,0.89
2025-01-01 09:37:50,AAPL,883,-0.11
2025-01-01 09:37:51,AAPL,471,0.6
2025-01-01 09:37:52,AAPL,505,0.94
2025-01-01 09:37:53,AAPL,615,-0.22
2025-01-01 09:37:54,AAPL,649,0.63
2025-01-01 09:37:55,AAPL,668,0.76
2025-01-01 09:37:56,AAPL,693,0.54
2025-01-01 09:37:57,AAPL,500,0.04
2025-01-01 09:37:58,AAPL,561,0.9
2025-01-01 09:37:59,AAPL,227,0.96
2025-01-01 09:38:00,AAPL,982,0.92
2025-01-01 09:38:01,AAPL,309,0.62
2025-01-01 09:38:02,AAPL,127,-0.17
2025-01-01 09:38:03,AAPL,580,-0.47
2025-01-01 09:38:04,AAPL,997,-0.56
2025-01-01 09:38:05,AAPL,112,0.18
2025-01-01 09:38:06,AAPL,519,-0.23
2025-01-01 09:38:07,AAPL,623,0.07
2025-01-01 09:38:08,AAPL,627,-0.88
2025-01-01 09:38:09,AAPL,912,0.21
2025-01-01 09:38:10,AAPL,928,-0.22
2025-01-01 09:38:11,AAPL,781,0.31
2025-01-01 09:38:12,AAPL,930,-0.6
2025-01-01 09:38:13,AAPL,115,-0.29
2025-01-01 09:38:14,AAPL,752,-0.32
2025-01-01 09:38:15,AAPL,851,0.72
2025-01-01 09:38:16,AAPL,715,-0.27
2025-01-01 09:38:17,AAPL,608,-0.35
2025-01-01 09:38:18,AAPL,921,-0.84
2025-01-01 09:38:19,AAPL,790,0.36
2025-01-01 09:38:20,AAPL,713,0.86
2025-01-01 09:38:21,AAPL,859,-0.77
2025-01-01 09:38:22,AAPL,805,-0.17
2025-01-01 09:38:23,AAPL,152,0.62
2025-01-01 09:38:24,AAPL,354,0.87
2025-01-01 09:38:25,AAPL,350,0.63
2025-01-01 09:38:26,AAPL,161,-0.2
2025-01-01 09:38:27,AAPL,407,-0.5
2025-01-01 09:38:28,AAPL,167,-0.66
2025-01-01 09:38:29,AAPL,161,-0.85
2025-01-01 09:38:30,AAPL,871,-0.97
2025-01-01 09:38:31,AAPL,621,0.88
2025-01-01 09:38:32,AAPL,355,-0.23
2025-01-01 09:38:33,AAPL,736,-0.1
2025-01-01 09:38:34,AAPL,227,0.57
2025-01-01 09:38:35,AAPL,332,0.46
2025-01-01 09:38:36,AAPL,683,-0.87
2025-01-01 09:38:37,AAPL,757,0.23
2025-01-01 09:38:38,AAPL,997,0.39
2025-01-01 09:38:39,AAPL,798,-0.67
2025-01-01 09:38:40,AAPL,381,0.13
2025-01-01 09:38:41,AAPL,347,-0.24
2025-01-01 09:38:42,AAPL,980,-0.88
2025-01-01 09:38:43,AAPL,488,0.65
2025-01-01 09:38:44,AAPL,253,-0.73
2025-01-01 09:38:45,AAPL,620,0.43
2025-01-01 09:38:46,AAPL,365,-0.98
2025-01-01 09:38:47,AAPL,851,0.96
2025-01-01 09:38:48,AAPL,601,-0.21
2025-01-01 09:38:49,AAPL,689,0.55
2025-01-01 09:38:50,AAPL,481,0.29
2025-01-01 09:38:51,AAPL,154,-0.88
2025-01-01 09:38:52,AAPL,651,0.32
2025-01-01 09:38:53,AAPL,662,-0.51
2025-01-01 09:38:54,AAPL,886,0.19
2025-01-01 09:38:55,AAPL,301,-0.81
2025-01-01 09:38:56,AAPL,172,-0.49
2025-01-01 09:38:57,AAPL,661,-0.35
2025-01-01 09:38:58,AAPL,790,-0.54
2025-01-01 09:38:59,AAPL,968,-0.97
2025-01-01 09:39:00,AAPL,840,0.49
2025-01-01 09:39:01,AAPL,326,0.56
2025-01-01 09:39:02,AAPL,454,-0.05
2025-01-01 09:39:03,AAPL,899,-1.0
2025-01-01 09:39:04,AAPL,301,-0.39
2025-01-01 09:39:05,AAPL,502,0.96
2025-01-01 09:39:06,AAPL,273,-0.41
2025-01-01 09:39:07,AAPL,968,-0.27
2025-01-01 09:39:08,AAPL,558,0.44
2025-01-01 09:39:09,AAPL,179,0.59
2025-01-01 09:39:10,AAPL,563,-0.81
2025-01-01 09:39:11,AAPL,519,0.65
2025-01-01 09:39:12,AAPL,793,0.83
2025-01-01 09:39:13,AAPL,521,-0.28
2025-01-01 09:39:14,AAPL,522,-0.38
2025-01-01 09:39:15,AAPL,971,0.37
2025-01-01 09:39:16,AAPL,219,-0.99
2025-01-01 09:39:17,AAPL,319,-0.58
2025-01-01 09:39:18,AAPL,922,-0.18
2025-01-01 09:39:19,AAPL,914,0.64
2025-01-01 09:39:20,AAPL,180,-0.17
2025-01-01 09:39:21,AAPL,793,-0.03
2025-01-01 09:39:22,AAPL,563,0.78
2025-01-01 09:39:23,AAPL,618,-0.94
2025-01-01 09:39:24,AAPL,863,-0.27
2025-01-01 09:39:25,AAPL,193,-0.63
2025-01-01 09:39:26,AAPL,467,0.04
2025-01-01 09:39:27,AAPL,660,-0.34
2025-01-01 09:39:28,AAPL,824,-0.34
2025-01-01 09:39:29,AAPL,254,0.97
2025-01-01 09:39:30,AAPL,454,0.91
2025-01-01 09:39:31,AAPL,508,-0.78
2025-01-01 09:39:32,AAPL,891,-0.44
2025-01-01 09:39:33,AAPL,944,0.11
2025-01-01 09:39:34,AAPL,695,-0.43
2025-01-01 09:39:35,AAPL,201,0.31
2025-01-01 09:39:36,AAPL,658,0.27
2025-01-01 09:39:37,AAPL,683,0.9
2025-01-01 09:39:38,AAPL,274,0.13
2025-01-01 09:39:39,AAPL,167,-0.69
2025-01-01 09:39:40,AAPL,572,0.35
2025-01-01 09:39:41,AAPL,665,0.39
2025-01-01 09:39:42,AAPL,768,-0.17
2025-01-01 09:39:43,AAPL,854,-0.87
2025-01-01 09:39:44,AAPL,784,0.41
2025-01-01 09:39:45,AAPL,598,0.92
2025-01-01 09:39:46,AAPL,901,-0.96
2025-01-01 09:39:47,AAPL,411,0.8
2025-01-01 09:39:48,AAPL,300,0.72
2025-01-01 09:39:49,AAPL,674,-0.49
2025-01-01 09:39:50,AAPL,821,0.16
2025-01-01 09:39:51,AAPL,652,-0.06
2025-01-01 09:39:52,AAPL,682,-0.99
2025-01-01 09:39:53,AAPL,852,-0.12
2025-01-01 09:39:54,AAPL,277,-0.9
2025-01-01 09:39:55,AAPL,899,0.9
2025-01-01 09:39:56,AAPL,750,-0.71
2025-01-01 09:39:57,AAPL,893,-0.63
2025-01-01 09:39:58,AAPL,449,-0.46
2025-01-01 09:39:59,AAPL,672,-0.25
2025-01-01 09:40:00,AAPL,407,0.29
2025-01-01 09:40:01,AAPL,158,-0.63
2025-01-01 09:40:02,AAPL,691,0.17
2025-01-01 09:40:03,AAPL,116,-0.14
2025-01-01 09:40:04,AAPL,704,0.11
2025-01-01 09:40:05,AAPL,827,0.34
2025-01-01 09:40:06,AAPL,241,-0.07
2025-01-01 09:40:07,AAPL,952,0.18
2025-01-01 09:40:08,AAPL,430,0.89
2025-01-01 09:40:09,AAPL,566,-0.68
2025-01-01 09:40:10,AAPL,937,0.32
2025-01-01 09:40:11,AAPL,161,0.35
2025-01-01 09:40:12,AAPL,935,-0.7
2025-01-01 09:40:13,AAPL,906,0.43
2025-01-01 09:40:14,AAPL,564,-0.46
2025-01-01 09:40:15,AAPL,810,-0.74
2025-01-01 09:40:16,AAPL,168,0.46
2025-01-01 09:40:17,AAPL,112,0.63
2025-01-01 09:40:18,AAPL,430,-0.35
2025-01-01 09:40:19,AAPL,716,-0.96
2025-01-01 09:40:20,AAPL,824,-0.87
2025-01-01 09:40:21,AAPL,310,-0.82
2025-01-01 09:40:22,AAPL,385,0.52
2025-01-01 09:40:23,AAPL,884,-0.15
2025-01-01 09:40:24,AAPL,739,-0.44
2025-01-01 09:40:25,AAPL,606,0.79
2025-01-01 09:40:26,AAPL,618,0.52
2025-01-01 09:40:27,AAPL,980,-0.38
2025-01-01 09:40:28,AAPL,134,0.2
2025-01-01 09:40:29,AAPL,416,-0.32
2025-01-01 09:40:30,AAPL,776,-0.21
2025-01-01 09:40:31,AAPL,548,-0.3
2025-01-01 09:40:32,AAPL,664,-0.3
2025-01-01 09:40:33,AAPL,268,-0.16
2025-01-01 09:40:34,AAPL,184,-0.48
2025-01-01 09:40:35,AAPL,985,0.57
2025-01-01 09:40:36,AAPL,639,-0.39
2025-01-01 09:40:37,AAPL,909,-0.63
2025-01-01 09:40:38,AAPL,796,-0.17
2025-01-01 09:40:39,AAPL,378,-0.92
2025-01-01 09:40:40,AAPL,603,0.11
2025-01-01 09:40:41,AAPL,983,-0.15
2025-01-01 09:40:42,AAPL,473,-0.91
2025-01-01 09:40:43,AAPL,641,-0.95
2025-01-01 09:40:44,AAPL,794,0.85
2025-01-01 09:40:45,AAPL,419,-0.39
2025-01-01 09:40:46,AAPL,100,-0.96
2025-01-01 09:40:47,AAPL,704,0.78
2025-01-01 09:40:48,AAPL,830,-0.53
2025-01-01 09:40:49,AAPL,648,0.14
2025-01-01 09:40:50,AAPL,506,-0.49
2025-01-01 09:40:51,AAPL,792,-0.61
2025-01-01 09:40:52,AAPL,950,0.99
2025-01-01 09:40:53,AAPL,464,-0.85
2025-01-01 09:40:54,AAPL,463,-0.56
2025-01-01 09:40:55,AAPL,205,0.35
2025-01-01 09:40:56,AAPL,816,0.14
2025-01-01 09:40:57,AAPL,961,-0.8
2025-01-01 09:40:58,AAPL,477,0.8
2025-01-01 09:40:59,AAPL,701,0.97
2025-01-01 09:41:00,AAPL,439,-0.4
2025-01-01 09:41:01,AAPL,534,0.99
2025-01-01 09:41:02,AAPL,487,-0.8
2025-01-01 09:41:03,AAPL,702,-0.52
2025-01-01 09:41:04,AAPL,898,0.83
2025-01-01 09:41:05,AAPL,936,0.39
2025-01-01 09:41:06,AAPL,419,-0.39
2025-01-01 09:41:07,AAPL,147,-0.58
2025-01-01 09:41:08,AAPL,353,-0.94
2025-01-01 09:41:09,AAPL,472,-0.78
2025-01-01 09:41:10,AAPL,614,0.95
2025-01-01 09:41:11,AAPL,582,-0.42
2025-01-01 09:41:12,AAPL,287,-0.94
2025-01-01 09:41:13,AAPL,913,0.52
2025-01-01 09:41:14,AAPL,255,0.22
2025-01-01 09:41:15,AAPL,895,-0.97
2025-01-01 09:41:16,AAPL,688,-0.15
2025-01-01 09:41:17,AAPL,633,0.18
2025-01-01 09:41:18,AAPL,614,0.04
2025-01-01 09:41:19,AAPL,572,-0.65
2025-01-01 09:41:20,AAPL,924,0.3
2025-01-01 09:41:21,AAPL,402,0.22
2025-01-01 09:41:22,AAPL,301,0.56
2025-01-01 09:41:23,AAPL,478,-0.06
2025-01-01 09:41:24,AAPL,181,-0.14
2025-01-01 09:41:25,AAPL,859,0.0
2025-01-01 09:41:26,AAPL,810,-0.01
2025-01-01 09:41:27,AAPL,468,-0.67
2025-01-01 09:41:28,AAPL,317,0.92
2025-01-01 09:41:29,AAPL,279,0.31
2025-01-01 09:41:30,AAPL,580,0.04
2025-01-01 09:41:31,AAPL,396,-0.99
2025-01-01 09:41:32,AAPL,518,-0.41
2025-01-01 09:41:33,AAPL,330,0.71
2025-01-01 09:41:34,AAPL,497,0.53
2025-01-01 09:41:35,AAPL,984,-0.86
2025-01-01 09:41:36,AAPL,307,-0.19
2025-01-01 09:41:37,AAPL,858,-0.03
2025-01-01 09:41:38,AAPL,797,-0.43
2025-01-01 09:41:39,AAPL,358,-0.86
2025-01-01 09:41:40,AAPL,918,0.21
2025-01-01 09:41:41,AAPL,647,-0.52
2025-01-01 09:41:42,AAPL,295,0.53
2025-01-01 09:41:43,AAPL,850,0.59
2025-01-01 09:41:44,AAPL,504,-0.67
2025-01-01 09:41:45,AAPL,683,0.87
2025-01-01 09:41:46,AAPL,461,0.83
2025-01-01 09:41:47,AAPL,454,0.12
2025-01-01 09:41:48,AAPL,996,-0.78
2025-01-01 09:41:49,AAPL,623,-0.48
2025-01-01 09:41:50,AAPL,120,-0.22
2025-01-01 09:41:51,AAPL,784,0.49
2025-01-01 09:41:52,AAPL,478,-0.17
2025-01-01 09:41:53,AAPL,254,-0.62
2025-01-01 09:41:54,AAPL,298,0.25
2025-01-01 09:41:55,AAPL,399,0.05
2025-01-01 09:41:56,AAPL,511,0.96
2025-01-01 09:41:57,AAPL,956,0.15
2025-01-01 09:41:58,AAPL,827,0.04
2025-01-01 09:41:59,AAPL,408,0.39
2025-01-01 09:42:00,AAPL,101,-0.53
2025-01-01 09:42:01,AAPL,409,-0.11
2025-01-01 09:42:02,AAPL,515,0.14
2025-01-01 09:42:03,AAPL,185,-0.17
2025-01-01 09:42:04,AAPL,723,-0.27
2025-01-01 09:42:05,AAPL,182,0.17
2025-01-01 09:42:06,AAPL,543,-0.8
2025-01-01 09:42:07,AAPL,433,0.95
2025-01-01 09:42:08,AAPL,298,0.89
2025-01-01 09:42:09,AAPL,993,-0.96
2025-01-01 09:42:10,AAPL,993,0.02
2025-01-01 09:42:11,AAPL,852,-0.36
2025-01-01 09:42:12,AAPL,649,-0.3
2025-01-01 09:42:13,AAPL,742,0.49
2025-01-01 09:42:14,AAPL,341,-0.07
2025-01-01 09:42:15,AAPL,965,-0.71
2025-01-01 09:42:16,AAPL,314,-0.32
2025-01-01 09:42:17,AAPL,913,0.72
2025-01-01 09:42:18,AAPL,891,0.13
2025-01-01 09:42:19,AAPL,921,0.27
2025-01-01 09:42:20,AAPL,829,-0.11
2025-01-01 09:42:21,AAPL,940,-0.91
2025-01-01 09:42:22,AAPL,667,0.18
2025-01-01 09:42:23,AAPL,378,0.94
2025-01-01 09:42:24,AAPL,592,0.45
2025-01-01 09:42:25,AAPL,849,0.58
2025-01-01 09:42:26,AAPL,540,0.12
2025-01-01 09:42:27,AAPL,433,-0.09
2025-01-01 09:42:28,AAPL,325,-0.11
2025-01-01 09:42:29,AAPL,166,0.56
2025-01-01 09:42:30,AAPL,346,0.01
2025-01-01 09:42:31,AAPL,908,-0.49
2025-01-01 09:42:32,AAPL,180,-0.25
2025-01-01 09:42:33,AAPL,836,-0.57
2025-01-01 09:42:34,AAPL,847,-0.71
2025-01-01 09:42:35,AAPL,780,-0.68
2025-01-01 09:42:36,AAPL,242,0.77
2025-01-01 09:42:37,AAPL,938,0.58
2025-01-01 09:42:38,AAPL,915,-0.01
2025-01-01 09:42:39,AAPL,578,0.55
2025-01-01 09:42:40,AAPL,255,0.78
2025-01-01 09:42:41,AAPL,798,-0.01
2025-01-01 09:42:42,AAPL,720,-0.38
2025-01-01 09:42:43,AAPL,316,-0.36
2025-01-01 09:42:44,AAPL,803,0.72
2025-01-01 09:42:45,AAPL,808,-0.02
2025-01-01 09:42:46,AAPL,529,-0.48
2025-01-01 09:42:47,AAPL,225,-0.22
2025-01-01 09:42:48,AAPL,108,0.28
2025-01-01 09:42:49,AAPL,699,0.47
2025-01-01 09:42:50,AAPL,900,-0.43
2025-01-01 09:42:51,AAPL,151,0.03
2025-01-01 09:42:52,AAPL,124,0.86
2025-01-01 09:42:53,AAPL,702,-0.72
2025-01-01 09:42:54,AAPL,113,-0.28
2025-01-01 09:42:55,AAPL,899,0.92
2025-01-01 09:42:56,AAPL,715,0.17
2025-01-01 09:42:57,AAPL,811,-0.43
2025-01-01 09:42:58,AAPL,729,0.01
2025-01-01 09:42:59,AAPL,827,-0.11
2025-01-01 09:43:00,AAPL,936,-0.18
2025-01-01 09:43:01,AAPL,232,0.12
2025-01-01 09:43:02,AAPL,229,0.21
2025-01-01 09:43:03,AAPL,564,-0.16
2025-01-01 09:43:04,AAPL,758,-0.78
2025-01-01 09:43:05,AAPL,308,-0.57
2025-01-01 09:43:06,AAPL,905,0.27
2025-01-01 09:43:07,AAPL,757,-0.01
2025-01-01 09:43:08,AAPL,407,0.2
2025-01-01 09:43:09,AAPL,708,0.45
2025-01-01 09:43:10,AAPL,124,0.72
2025-01-01 09:43:11,AAPL,611,-0.7
2025-01-01 09:43:12,AAPL,342,-0.4
2025-01-01 09:43:13,AAPL,938,0.4
2025-01-01 09:43:14,AAPL,786,-0.57
2025-01-01 09:43:15,AAPL,602,-0.52
2025-01-01 09:43:16,AAPL,763,-0.41
2025-01-01 09:43:17,AAPL,109,-0.7
2025-01-01 09:43:18,AAPL,146,-0.07
2025-01-01 09:43:19,AAPL,779,-0.4
2025-01-01 09:43:20,AAPL,288,-0.92
2025-01-01 09:43:21,AAPL,854,-0.61
2025-01-01 09:43:22,AAPL,846,0.31
2025-01-01 09:43:23,AAPL,578,0.06
2025-01-01 09:43:24,AAPL,553,0.03
2025-01-01 09:43:25,AAPL,851,-0.53
2025-01-01 09:43:26,AAPL,630,0.98
2025-01-01 09:43:27,AAPL,624,-0.07
2025-01-01 09:43:28,AAPL,598,0.05
2025-01-01 09:43:29,AAPL,837,-0.3
2025-01-01 09:43:30,AAPL,238,0.28
2025-01-01 09:43:31,AAPL,257,-0.8
2025-01-01 09:43:32,AAPL,801,-0.37
2025-01-01 09:43:33,AAPL,650,0.73
2025-01-01 09:43:34,AAPL,527,-0.05
2025-01-01 09:43:35,AAPL,864,0.58
2025-01-01 09:43:36,AAPL,790,-0.68
2025-01-01 09:43:37,AAPL,509,0.62
2025-01-01 09:43:38,AAPL,913,-0.69
2025-01-01 09:43:39,AAPL,886,-0.79
2025-01-01 09:43:40,AAPL,240,0.1
2025-01-01 09:43:41,AAPL,811,-0.11
2025-01-01 09:43:42,AAPL,220,-0.62
2025-01-01 09:43:43,AAPL,883,0.51
2025-01-01 09:43:44,AAPL,577,0.03
2025-01-01 09:43:45,AAPL,633,0.0
2025-01-01 09:43:46,AAPL,120,-0.5
2025-01-01 09:43:47,AAPL,710,-0.59
2025-01-01 09:43:48,AAPL,133,-0.42
2025-01-01 09:43:49,AAPL,689,0.14
2025-01-01 09:43:50,AAPL,675,-0.75
2025-01-01 09:43:51,AAPL,479,0.07
2025-01-01 09:43:52,AAPL,252,0.48
2025-01-01 09:43:53,AAPL,557,-0.9
2025-01-01 09:43:54,AAPL,123,0.02
2025-01-01 09:43:55,AAPL,830,0.84
2025-01-01 09:43:56,AAPL,666,0.26
2025-01-01 09:43:57,AAPL,557,-0.03
2025-01-01 09:43:58,AAPL,275,-0.75
2025-01-01 09:43:59,AAPL,752,-0.55
2025-01-01 09:44:00,AAPL,807,-0.12
2025-01-01 09:44:01,AAPL,288,0.96
2025-01-01 09:44:02,AAPL,152,-0.33
2025-01-01 09:44:03,AAPL,403,0.54
2025-01-01 09:44:04,AAPL,257,0.13
2025-01-01 09:44:05,AAPL,931,-0.58
2025-01-01 09:44:06,AAPL,887,-0.07
2025-01-01 09:44:07,AAPL,408,-0.61
2025-01-01 09:44:08,AAPL,255,0.59
2025-01-01 09:44:09,AAPL,545,0.39
2025-01-01 09:44:10,AAPL,552,0.31
2025-01-01 09:44:11,AAPL,724,0.49
2025-01-01 09:44:12,AAPL,315,-0.06
2025-01-01 09:44:13,AAPL,425,0.06
2025-01-01 09:44:14,AAPL,796,-0.2
2025-01-01 09:44:15,AAPL,301,0.11
2025-01-01 09:44:16,AAPL,301,0.77
2025-01-01 09:44:17,AAPL,597,-0.43
2025-01-01 09:44:18,AAPL,166,-0.12
2025-01-01 09:44:19,AAPL,243,0.94
2025-01-01 09:44:20,AAPL,348,-0.81
2025-01-01 09:44:21,AAPL,502,0.18
2025-01-01 09:44:22,AAPL,206,-0.99
2025-01-01 09:44:23,AAPL,675,0.84
2025-01-01 09:44:24,AAPL,164,0.55
2025-01-01 09:44:25,AAPL,250,0.14
2025-01-01 09:44:26,AAPL,109,-0.94
2025-01-01 09:44:27,AAPL,533,0.37
2025-01-01 09:44:28,AAPL,600,0.68
2025-01-01 09:44:29,AAPL,524,-0.59
2025-01-01 09:44:30,AAPL,292,-0.78
2025-01-01 09:44:31,AAPL,209,0.83
2025-01-01 09:44:32,AAPL,915,0.7
2025-01-01 09:44:33,AAPL,401,0.19
2025-01-01 09:44:34,AAPL,305,0.85
2025-01-01 09:44:35,AAPL,690,-0.92
2025-01-01 09:44:36,AAPL,618,-0.1
2025-01-01 09:44:37,AAPL,554,-0.22
2025-01-01 09:44:38,AAPL,384,0.24
2025-01-01 09:44:39,AAPL,979,0.82
2025-01-01 09:44:40,AAPL,820,-0.01
2025-01-01 09:44:41,AAPL,822,-0.77
2025-01-01 09:44:42,AAPL,153,-0.08
2025-01-01 09:44:43,AAPL,529,0.19
2025-01-01 09:44:44,AAPL,676,-0.51
2025-01-01 09:44:45,AAPL,508,0.72
2025-01-01 09:44:46,AAPL,213,0.09
2025-01-01 09:44:47,AAPL,397,-0.62
2025-01-01 09:44:48,AAPL,905,-0.29
2025-01-01 09:44:49,AAPL,348,0.49
2025-01-01 09:44:50,AAPL,672,0.67
2025-01-01 09:44:51,AAPL,389,-0.24
2025-01-01 09:44:52,AAPL,307,0.8
2025-01-01 09:44:53,AAPL,815,-0.87
2025-01-01 09:44:54,AAPL,832,0.42
2025-01-01 09:44:55,AAPL,971,0.7
2025-01-01 09:44:56,AAPL,283,0.41
2025-01-01 09:44:57,AAPL,504,0.79
2025-01-01 09:44:58,AAPL,461,-0.6
2025-01-01 09:44:59,AAPL,723,-0.1
2025-01-01 09:45:00,AAPL,101,0.07
2025-01-01 09:45:01,AAPL,591,-0.92
2025-01-01 09:45:02,AAPL,682,0.22
2025-01-01 09:45:03,AAPL,864,-0.37
2025-01-01 09:45:04,AAPL,129,0.13
2025-01-01 09:45:05,AAPL,904,0.61
2025-01-01 09:45:06,AAPL,399,0.77
2025-01-01 09:45:07,AAPL,747,0.81
2025-01-01 09:45:08,AAPL,931,-0.19
2025-01-01 09:45:09,AAPL,212,-0.93
2025-01-01 09:45:10,AAPL,652,0.06
2025-01-01 09:45:11,AAPL,632,-0.75
2025-01-01 09:45:12,AAPL,797,0.42
2025-01-01 09:45:13,AAPL,156,-0.42
2025-01-01 09:45:14,AAPL,287,0.72
2025-01-01 09:45:15,AAPL,968,0.16
2025-01-01 09:45:16,AAPL,621,-0.24
2025-01-01 09:45:17,AAPL,174,0.6
2025-01-01 09:45:18,AAPL,292,-0.78
2025-01-01 09:45:19,AAPL,694,-0.21
2025-01-01 09:45:20,AAPL,717,0.28
2025-01-01 09:45:21,AAPL,745,-0.56
2025-01-01 09:45:22,AAPL,206,0.9
2025-01-01 09:45:23,AAPL,944,-0.62
2025-01-01 09:45:24,AAPL,281,-0.72
2025-01-01 09:45:25,AAPL,333,0.24
2025-01-01 09:45:26,AAPL,861,0.67
2025-01-01 09:45:27,AAPL,203,-0.21
2025-01-01 09:45:28,AAPL,706,0.33
2025-01-01 09:45:29,AAPL,821,-0.09
2025-01-01 09:45:30,AAPL,208,0.28
2025-01-01 09:45:31,AAPL,429,-0.02
2025-01-01 09:45:32,AAPL,670,0.79
2025-01-01 09:45:33,AAPL,927,0.03
2025-01-01 09:45:34,AAPL,851,0.9
2025-01-01 09:45:35,AAPL,504,-0.84
2025-01-01 09:45:36,AAPL,625,-0.84
2025-01-01 09:45:37,AAPL,117,-0.24
2025-01-01 09:45:38,AAPL,714,0.62
2025-01-01 09:45:39,AAPL,649,0.69
2025-01-01 09:45:40,AAPL,174,-0.86
2025-01-01 09:45:41,AAPL,391,0.49
2025-01-01 09:45:42,AAPL,405,0.94
2025-01-01 09:45:43,AAPL,614,0.6
2025-01-01 09:45:44,AAPL,197,0.24
2025-01-01 09:45:45,AAPL,429,-0.24
2025-01-01 09:45:46,AAPL,469,0.71
2025-01-01 09:45:47,AAPL,131,0.15
2025-01-01 09:45:48,AAPL,158,-0.98
2025-01-01 09:45:49,AAPL,129,0.29
2025-01-01 09:45:50,AAPL,653,0.26
2025-01-01 09:45:51,AAPL,416,-0.83
2025-01-01 09:45:52,AAPL,513,-0.25
2025-01-01 09:45:53,AAPL,118,-0.09
2025-01-01 09:45:54,AAPL,918,0.55
2025-01-01 09:45:55,AAPL,262,-0.39
2025-01-01 09:45:56,AAPL,697,0.05
2025-01-01 09:45:57,AAPL,641,0.19
2025-01-01 09:45:58,AAPL,752,-0.69
2025-01-01 09:45:59,AAPL,573,0.62
2025-01-01 09:46:00,AAPL,126,-0.64
2025-01-01 09:46:01,AAPL,627,-0.6
2025-01-01 09:46:02,AAPL,456,0.19
2025-01-01 09:46:03,AAPL,459,-0.3
2025-01-01 09:46:04,AAPL,911,-0.12
2025-01-01 09:46:05,AAPL,909,-0.72
2025-01-01 09:46:06,AAPL,474,0.51
2025-01-01 09:46:07,AAPL,631,0.96
2025-01-01 09:46:08,AAPL,538,0.97
2025-01-01 09:46:09,AAPL,318,-0.84
2025-01-01 09:46:10,AAPL,922,-0.69
2025-01-01 09:46:11,AAPL,681,0.56
2025-01-01 09:46:12,AAPL,487,-0.14
2025-01-01 09:46:13,AAPL,522,0.36
2025-01-01 09:46:14,AAPL,737,-0.33
2025-01-01 09:46:15,AAPL,307,0.2
2025-01-01 09:46:16,AAPL,779,0.38
2025-01-01 09:46:17,AAPL,757,-0.94
2025-01-01 09:46:18,AAPL,360,0.56
2025-01-01 09:46:19,AAPL,828,-0.28
2025-01-01 09:46:20,AAPL,392,-0.66
2025-01-01 09:46:21,AAPL,915,-0.88
2025-01-01 09:46:22,AAPL,792,0.01
2025-01-01 09:46:23,AAPL,680,-0.3
2025-01-01 09:46:24,AAPL,860,-0.68
2025-01-01 09:46:25,AAPL,829,-0.81
2025-01-01 09:46:26,AAPL,281,-0.33
2025-01-01 09:46:27,AAPL,244,-0.19
2025-01-01 09:46:28,AAPL,390,0.23
2025-01-01 09:46:29,AAPL,755,0.8
2025-01-01 09:46:30,AAPL,388,0.34
2025-01-01 09:46:31,AAPL,436,0.91
2025-01-01 09:46:32,AAPL,576,-0.98
2025-01-01 09:46:33,AAPL,829,-0.42
2025-01-01 09:46:34,AAPL,331,-0.42
2025-01-01 09:46:35,AAPL,141,0.03
2025-01-01 09:46:36,AAPL,943,0.39
2025-01-01 09:46:37,AAPL,118,-0.94
2025-01-01 09:46:38,AAPL,295,-0.26
2025-01-01 09:46:39,AAPL,918,0.28
2025-01-01 09:30:00,MSFT,462,-0.41
2025-01-01 09:30:01,MSFT,429,-0.2
2025-01-01 09:30:02,MSFT,630,0.86
2025-01-01 09:30:03,MSFT,118,-0.88
2025-01-01 09:30:04,MSFT,532,-0.61
2025-01-01 09:30:05,MSFT,549,-0.89
2025-01-01 09:30:06,MSFT,812,0.07
2025-01-01 09:30:07,MSFT,822,0.78
2025-01-01 09:30:08,MSFT,717,-0.01
2025-01-01 09:30:09,MSFT,571,-0.35
2025-01-01 09:30:10,MSFT,817,0.36
2025-01-01 09:30:11,MSFT,318,-0.92
2025-01-01 09:30:12,MSFT,551,-0.08
2025-01-01 09:30:13,MSFT,127,-0.23
2025-01-01 09:30:14,MSFT,496,-0.29
2025-01-01 09:30:15,MSFT,341,0.72
2025-01-01 09:30:16,MSFT,601,0.56
2025-01-01 09:30:17,MSFT,360,-0.1
2025-01-01 09:30:18,MSFT,313,0.48
2025-01-01 09:30:19,MSFT,399,-0.83
2025-01-01 09:30:20,MSFT,539,0.71
2025-01-01 09:30:21,MSFT,748,0.22
2025-01-01 09:30:22,MSFT,294,0.07
2025-01-01 09:30:23,MSFT,578,0.97
2025-01-01 09:30:24,MSFT,860,0.14
2025-01-01 09:30:25,MSFT,414,-0.46
2025-01-01 09:30:26,MSFT,374,0.9
2025-01-01 09:30:27,MSFT,362,0.15
2025-01-01 09:30:28,MSFT,885,0.02
2025-01-01 09:30:29,MSFT,839,0.09
2025-01-01 09:30:30,MSFT,241,-0.92
2025-01-01 09:30:31,MSFT,169,-0.91
2025-01-01 09:30:32,MSFT,138,0.5
2025-01-01 09:30:33,MSFT,647,0.52
2025-01-01 09:30:34,MSFT,805,-0.8
2025-01-01 09:30:35,MSFT,554,-0.03
2025-01-01 09:30:36,MSFT,145,-0.02
2025-01-01 09:30:37,MSFT,778,-0.62
2025-01-01 09:30:38,MSFT,912,0.48
2025-01-01 09:30:39,MSFT,628,-0.28
2025-01-01 09:30:40,MSFT,792,0.84
2025-01-01 09:30:41,MSFT,474,0.55
2025-01-01 09:30:42,MSFT,949,0.54
2025-01-01 09:30:43,MSFT,167,0.83
2025-01-01 09:30:44,MSFT,830,-0.82
2025-01-01 09:30:45,MSFT,605,0.24
2025-01-01 09:30:46,MSFT,532,0.76
2025-01-01 09:30:47,MSFT,149,0.52
2025-01-01 09:30:48,MSFT,805,-0.7
2025-01-01 09:30:49,MSFT,362,-0.18
2025-01-01 09:30:50,MSFT,442,0.34
2025-01-01 09:30:51,MSFT,747,-0.83
2025-01-01 09:30:52,MSFT,629,0.69
2025-01-01 09:30:53,MSFT,631,-0.73
2025-01-01 09:30:54,MSFT,902,-0.28
2025-01-01 09:30:55,MSFT,341,-0.95
2025-01-01 09:30:56,MSFT,446,0.51
2025-01-01 09:30:57,MSFT,572,-1.0
2025-01-01 09:30:58,MSFT,784,0.95
2025-01-01 09:30:59,MSFT,103,0.31
2025-01-01 09:31:00,MSFT,725,-0.21
2025-01-01 09:31:01,MSFT,879,0.19
2025-01-01 09:31:02,MSFT,227,-0.93
2025-01-01 09:31:03,MSFT,661,0.88
2025-01-01 09:31:04,MSFT,848,-0.53
2025-01-01 09:31:05,MSFT,671,-0.11
2025-01-01 09:31:06,MSFT,994,0.37
2025-01-01 09:31:07,MSFT,384,-0.1
2025-01-01 09:31:08,MSFT,435,-0.28
2025-01-01 09:31:09,MSFT,576,0.23
2025-01-01 09:31:10,MSFT,118,0.31
2025-01-01 09:31:11,MSFT,644,0.54
2025-01-01 09:31:12,MSFT,517,-0.48
2025-01-01 09:31:13,MSFT,941,-0.74
2025-01-01 09:31:14,MSFT,898,-0.99
2025-01-01 09:31:15,MSFT,897,-0.66
2025-01-01 09:31:16,MSFT,341,-0.58
2025-01-01 09:31:17,MSFT,746,0.22
2025-01-01 09:31:18,MSFT,615,0.14
2025-01-01 09:31:19,MSFT,844,0.67
2025-01-01 09:31:20,MSFT,923,-0.55
2025-01-01 09:31:21,MSFT,278,0.23
2025-01-01 09:31:22,MSFT,124,-0.75
2025-01-01 09:31:23,MSFT,358,1.0
2025-01-01 09:31:24,MSFT,505,0.69
2025-01-01 09:31:25,MSFT,480,0.29
2025-01-01 09:31:26,MSFT,673,0.48
2025-01-01 09:31:27,MSFT,832,-0.04
2025-01-01 09:31:28,MSFT,759,-0.36
2025-01-01 09:31:29,MSFT,771,1.0
2025-01-01 09:31:30,MSFT,484,0.05
2025-01-01 09:31:31,MSFT,795,-0.37
2025-01-01 09:31:32,MSFT,342,0.41
2025-01-01 09:31:33,MSFT,920,0.39
2025-01-01 09:31:34,MSFT,860,0.29
2025-01-01 09:31:35,MSFT,567,0.5
2025-01-01 09:31:36,MSFT,953,0.15
2025-01-01 09:31:37,MSFT,467,-0.82
2025-01-01 09:31:38,MSFT,362,0.76
2025-01-01 09:31:39,MSFT,535,0.8
2025-01-01 09:31:40,MSFT,908,0.11
2025-01-01 09:31:41,MSFT,956,0.02
2025-01-01 09:31:42,MSFT,422,0.14
2025-01-01 09:31:43,MSFT,722,0.91
2025-01-01 09:31:44,MSFT,371,-0.99
2025-01-01 09:31:45,MSFT,232,0.66
2025-01-01 09:31:46,MSFT,843,-0.8
2025-01-01 09:31:47,MSFT,993,0.83
2025-01-01 09:31:48,MSFT,743,-0.04
2025-01-01 09:31:49,MSFT,877,-0.83
2025-01-01 09:31:50,MSFT,962,-0.41
2025-01-01 09:31:51,MSFT,953,0.49
2025-01-01 09:31:52,MSFT,133,-0.95
2025-01-01 09:31:53,MSFT,161,-0.53
2025-01-01 09:31:54,MSFT,820,0.49
2025-01-01 09:31:55,MSFT,481,-0.06
2025-01-01 09:31:56,MSFT,954,-0.26
2025-01-01 09:31:57,MSFT,610,0.15
2025-01-01 09:31:58,MSFT,744,0.21
2025-01-01 09:31:59,MSFT,484,-0.01
2025-01-01 09:32:00,MSFT,289,-0.4
2025-01-01 09:32:01,MSFT,614,-0.93
2025-01-01 09:32:02,MSFT,554,0.61
2025-01-01 09:32:03,MSFT,461,0.67
2025-01-01 09:32:04,MSFT,506,0.72
2025-01-01 09:32:05,MSFT,639,-0.24
2025-01-01 09:32:06,MSFT,738,-0.67
2025-01-01 09:32:07,MSFT,703,0.36
2025-01-01 09:32:08,MSFT,623,0.52
2025-01-01 09:32:09,MSFT,776,-0.12
2025-01-01 09:32:10,MSFT,209,0.89
2025-01-01 09:32:11,MSFT,305,-0.45
2025-01-01 09:32:12,MSFT,892,-0.47
2025-01-01 09:32:13,MSFT,909,-0.58
2025-01-01 09:32:14,MSFT,497,0.62
2025-01-01 09:32:15,MSFT,848,-0.35
2025-01-01 09:32:16,MSFT,369,0.76
2025-01-01 09:32:17,MSFT,209,0.16
2025-01-01 09:32:18,MSFT,657,0.45
2025-01-01 09:32:19,MSFT,595,-0.39
2025-01-01 09:32:20,MSFT,917,-0.75
2025-01-01 09:32:21,MSFT,603,0.81
2025-01-01 09:32:22,MSFT,352,0.36
2025-01-01 09:32:23,MSFT,926,0.77
2025-01-01 09:32:24,MSFT,236,0.35
2025-01-01 09:32:25,MSFT,109,0.21
2025-01-01 09:32:26,MSFT,343,0.66
2025-01-01 09:32:27,MSFT,928,-0.03
2025-01-01 09:32:28,MSFT,228,-0.27
2025-01-01 09:32:29,MSFT,103,0.13
2025-01-01 09:32:30,MSFT,875,-0.38
2025-01-01 09:32:31,MSFT,551,0.87
2025-01-01 09:32:32,MSFT,980,0.63
2025-01-01 09:32:33,MSFT,452,0.08
2025-01-01 09:32:34,MSFT,198,-0.56
2025-01-01 09:32:35,MSFT,339,-0.03
2025-01-01 09:32:36,MSFT,557,-0.39
2025-01-01 09:32:37,MSFT,348,0.31
2025-01-01 09:32:38,MSFT,725,-0.33
2025-01-01 09:32:39,MSFT,392,-0.4
2025-01-01 09:32:40,MSFT,466,0.63
2025-01-01 09:32:41,MSFT,543,-0.93
2025-01-01 09:32:42,MSFT,533,0.01
2025-01-01 09:32:43,MSFT,238,0.95
2025-01-01 09:32:44,MSFT,397,-0.09
2025-01-01 09:32:45,MSFT,512,-0.98
2025-01-01 09:32:46,MSFT,199,-0.58
2025-01-01 09:32:47,MSFT,723,-0.9
2025-01-01 09:32:48,MSFT,852,-0.52
2025-01-01 09:32:49,MSFT,910,0.1
2025-01-01 09:32:50,MSFT,195,-0.51
2025-01-01 09:32:51,MSFT,904,-0.94
2025-01-01 09:32:52,MSFT,721,-0.97
2025-01-01 09:32:53,MSFT,799,0.48
2025-01-01 09:32:54,MSFT,502,-0.1
2025-01-01 09:32:55,MSFT,370,0.17
2025-01-01 09:32:56,MSFT,642,0.04
2025-01-01 09:32:57,MSFT,526,0.45
2025-01-01 09:32:58,MSFT,753,-0.78
2025-01-01 09:32:59,MSFT,797,0.64
2025-01-01 09:33:00,MSFT,750,-0.75
2025-01-01 09:33:01,MSFT,335,-0.0
2025-01-01 09:33:02,MSFT,182,-0.97
2025-01-01 09:33:03,MSFT,608,0.65
2025-01-01 09:33:04,MSFT,896,0.06
2025-01-01 09:33:05,MSFT,129,-0.09
2025-01-01 09:33:06,MSFT,261,0.04
2025-01-01 09:33:07,MSFT,481,0.85
2025-01-01 09:33:08,MSFT,863,0.75
2025-01-01 09:33:09,MSFT,556,-0.76
2025-01-01 09:33:10,MSFT,801,0.83
2025-01-01 09:33:11,MSFT,294,0.27
2025-01-01 09:33:12,MSFT,965,-0.26
2025-01-01 09:33:13,MSFT,370,-0.35
2025-01-01 09:33:14,MSFT,998,-0.66
2025-01-01 09:33:15,MSFT,909,-0.21
2025-01-01 09:33:16,MSFT,915,0.64
2025-01-01 09:33:17,MSFT,523,-0.32
2025-01-01 09:33:18,MSFT,715,-0.73
2025-01-01 09:33:19,MSFT,174,0.46
2025-01-01 09:33:20,MSFT,545,-0.05
2025-01-01 09:33:21,MSFT,655,0.93
2025-01-01 09:33:22,MSFT,487,0.52
2025-01-01 09:33:23,MSFT,213,-0.56
2025-01-01 09:33:24,MSFT,672,-0.41
2025-01-01 09:33:25,MSFT,907,-0.03
2025-01-01 09:33:26,MSFT,636,-0.2
2025-01-01 09:33:27,MSFT,584,0.71
2025-01-01 09:33:28,MSFT,154,0.91
2025-01-01 09:33:29,MSFT,380,-0.29
2025-01-01 09:33:30,MSFT,917,0.85
2025-01-01 09:33:31,MSFT,919,0.14
2025-01-01 09:33:32,MSFT,805,-0.4
2025-01-01 09:33:33,MSFT,488,-0.94
2025-01-01 09:33:34,MSFT,868,-0.64
2025-01-01 09:33:35,MSFT,910,-0.15
2025-01-01 09:33:36,MSFT,894,0.1
2025-01-01 09:33:37,MSFT,205,-0.82
2025-01-01 09:33:38,MSFT,179,-1.0
2025-01-01 09:33:39,MSFT,775,0.92
2025-01-01 09:33:40,MSFT,586,0.85
2025-01-01 09:33:41,MSFT,728,0.56
2025-01-01 09:33:42,MSFT,979,-0.12
2025-01-01 09:33:43,MSFT,169,0.9
2025-01-01 09:33:44,MSFT,991,0.44
2025-01-01 09:33:45,MSFT,869,-0.99
2025-01-01 09:33:46,MSFT,947,-0.17
2025-01-01 09:33:47,MSFT,635,0.31
2025-01-01 09:33:48,MSFT,748,-0.53
2025-01-01 09:33:49,MSFT,444,-0.3
2025-01-01 09:33:50,MSFT,921,-0.6
2025-01-01 09:33:51,MSFT,626,-0.31
2025-01-01 09:33:52,MSFT,572,-0.42
2025-01-01 09:33:53,MSFT,916,-0.89
2025-01-01 09:33:54,MSFT,369,0.52
2025-01-01 09:33:55,MSFT,932,-0.36
2025-01-01 09:33:56,MSFT,532,-0.13
2025-01-01 09:33:57,MSFT,125,0.74
2025-01-01 09:33:58,MSFT,509,-0.21
2025-01-01 09:33:59,MSFT,647,0.13
2025-01-01 09:34:00,MSFT,709,0.31
2025-01-01 09:34:01,MSFT,429,0.17
2025-01-01 09:34:02,MSFT,737,0.63
2025-01-01 09:34:03,MSFT,950,-0.52
2025-01-01 09:34:04,MSFT,271,0.9
2025-01-01 09:34:05,MSFT,717,0.03
2025-01-01 09:34:06,MSFT,563,-0.56
2025-01-01 09:34:07,MSFT,344,0.33
2025-01-01 09:34:08,MSFT,325,0.99
2025-01-01 09:34:09,MSFT,912,0.48
2025-01-01 09:34:10,MSFT,421,0.43
2025-01-01 09:34:11,MSFT,129,0.74
2025-01-01 09:34:12,MSFT,303,-0.09
2025-01-01 09:34:13,MSFT,434,-0.05
2025-01-01 09:34:14,MSFT,987,0.37
2025-01-01 09:34:15,MSFT,469,0.55
2025-01-01 09:34:16,MSFT,316,-0.45
2025-01-01 09:34:17,MSFT,360,0.95
2025-01-01 09:34:18,MSFT,857,0.51
2025-01-01 09:34:19,MSFT,860,-0.31
2025-01-01 09:34:20,MSFT,366,-0.28
2025-01-01 09:34:21,MSFT,576,0.16
2025-01-01 09:34:22,MSFT,784,0.94
2025-01-01 09:34:23,MSFT,607,-0.33
2025-01-01 09:34:24,MSFT,253,0.81
2025-01-01 09:34:25,MSFT,468,-0.17
2025-01-01 09:34:26,MSFT,280,-0.7
2025-01-01 09:34:27,MSFT,574,-0.86
2025-01-01 09:34:28,MSFT,523,-0.06
2025-01-01 09:34:29,MSFT,370,-0.39
2025-01-01 09:34:30,MSFT,373,0.37
2025-01-01 09:34:31,MSFT,921,0.09
2025-01-01 09:34:32,MSFT,592,0.88
2025-01-01 09:34:33,MSFT,254,0.76
2025-01-01 09:34:34,MSFT,876,-0.3
2025-01-01 09:34:35,MSFT,175,0.17
2025-01-01 09:34:36,MSFT,308,0.64
2025-01-01 09:34:37,MSFT,303,0.85
2025-01-01 09:34:38,MSFT,317,0.53
2025-01-01 09:34:39,MSFT,700,-0.76
2025-01-01 09:34:40,MSFT,247,-0.54
2025-01-01 09:34:41,MSFT,244,0.21
2025-01-01 09:34:42,MSFT,200,-0.31
2025-01-01 09:34:43,MSFT,231,0.42
2025-01-01 09:34:44,MSFT,325,0.1
2025-01-01 09:34:45,MSFT,408,-0.36
2025-01-01 09:34:46,MSFT,204,0.54
2025-01-01 09:34:47,MSFT,692,-0.96
2025-01-01 09:34:48,MSFT,409,0.45
2025-01-01 09:34:49,MSFT,733,-0.81
2025-01-01 09:34:50,MSFT,892,0.59
2025-01-01 09:34:51,MSFT,929,-0.42
2025-01-01 09:34:52,MSFT,754,0.49
2025-01-01 09:34:53,MSFT,854,0.28
2025-01-01 09:34:54,MSFT,419,-0.68
2025-01-01 09:34:55,MSFT,308,-0.8
2025-01-01 09:34:56,MSFT,781,0.12
2025-01-01 09:34:57,MSFT,134,-0.96
2025-01-01 09:34:58,MSFT,708,0.93
2025-01-01 09:34:59,MSFT,768,0.8
2025-01-01 09:35:00,MSFT,338,-0.86
2025-01-01 09:35:01,MSFT,983,0.65
2025-01-01 09:35:02,MSFT,552,0.54
2025-01-01 09:35:03,MSFT,292,-0.11
2025-01-01 09:35:04,MSFT,722,0.43
2025-01-01 09:35:05,MSFT,523,-0.65
2025-01-01 09:35:06,MSFT,754,-0.41
2025-01-01 09:35:07,MSFT,321,0.69
2025-01-01 09:35:08,MSFT,707,0.15
2025-01-01 09:35:09,MSFT,960,0.1
2025-01-01 09:35:10,MSFT,641,0.38
2025-01-01 09:35:11,MSFT,518,0.41
2025-01-01 09:35:12,MSFT,299,0.57
2025-01-01 09:35:13,MSFT,990,-0.13
2025-01-01 09:35:14,MSFT,911,-0.92
2025-01-01 09:35:15,MSFT,899,-0.81
2025-01-01 09:35:16,MSFT,447,0.98
2025-01-01 09:35:17,MSFT,215,-0.24
2025-01-01 09:35:18,MSFT,493,0.88
2025-01-01 09:35:19,MSFT,181,-0.82
2025-01-01 09:35:20,MSFT,951,0.64
2025-01-01 09:35:21,MSFT,983,-0.15
2025-01-01 09:35:22,MSFT,354,0.77
2025-01-01 09:35:23,MSFT,721,-0.84
2025-01-01 09:35:24,MSFT,652,-0.57
2025-01-01 09:35:25,MSFT,801,-0.61
2025-01-01 09:35:26,MSFT,958,-0.58
2025-01-01 09:35:27,MSFT,594,0.76
2025-01-01 09:35:28,MSFT,900,-0.8
2025-01-01 09:35:29,MSFT,593,0.57
2025-01-01 09:35:30,MSFT,472,-0.55
2025-01-01 09:35:31,MSFT,156,-0.73
2025-01-01 09:35:32,MSFT,983,-0.06
2025-01-01 09:35:33,MSFT,132,-0.54
2025-01-01 09:35:34,MSFT,463,-0.85
2025-01-01 09:35:35,MSFT,312,-0.58
2025-01-01 09:35:36,MSFT,407,0.3
2025-01-01 09:35:37,MSFT,931,0.56
2025-01-01 09:35:38,MSFT,777,-0.57
2025-01-01 09:35:39,MSFT,848,0.73
2025-01-01 09:35:40,MSFT,536,0.43
2025-01-01 09:35:41,MSFT,734,-0.83
2025-01-01 09:35:42,MSFT,491,-0.24
2025-01-01 09:35:43,MSFT,917,0.74
2025-01-01 09:35:44,MSFT,387,-0.4
2025-01-01 09:35:45,MSFT,225,-0.09
2025-01-01 09:35:46,MSFT,134,0.9
2025-01-01 09:35:47,MSFT,238,-0.67
2025-01-01 09:35:48,MSFT,627,0.27
2025-01-01 09:35:49,MSFT,411,-0.23
2025-01-01 09:35:50,MSFT,655,0.18
2025-01-01 09:35:51,MSFT,312,0.2
2025-01-01 09:35:52,MSFT,486,0.18
2025-01-01 09:35:53,MSFT,925,0.06
2025-01-01 09:35:54,MSFT,243,-0.72
2025-01-01 09:35:55,MSFT,410,-0.9
2025-01-01 09:35:56,MSFT,282,0.18
2025-01-01 09:35:57,MSFT,615,0.17
2025-01-01 09:35:58,MSFT,699,0.81
2025-01-01 09:35:59,MSFT,689,-0.93
2025-01-01 09:36:00,MSFT,175,0.96
2025-01-01 09:36:01,MSFT,639,-0.63
2025-01-01 09:36:02,MSFT,949,0.04
2025-01-01 09:36:03,MSFT,475,0.72
2025-01-01 09:36:04,MSFT,640,-0.87
2025-01-01 09:36:05,MSFT,600,-0.8
2025-01-01 09:36:06,MSFT,720,-0.93
2025-01-01 09:36:07,MSFT,372,-0.39
2025-01-01 09:36:08,MSFT,544,0.25
2025-01-01 09:36:09,MSFT,569,-0.12
2025-01-01 09:36:10,MSFT,248,0.7
2025-01-01 09:36:11,MSFT,603,0.59
2025-01-01 09:36:12,MSFT,359,-0.55
2025-01-01 09:36:13,MSFT,193,-0.23
2025-01-01 09:36:14,MSFT,488,-0.17
2025-01-01 09:36:15,MSFT,980,0.14
2025-01-01 09:36:16,MSFT,669,0.87
2025-01-01 09:36:17,MSFT,746,0.09
2025-01-01 09:36:18,MSFT,610,-0.11
2025-01-01 09:36:19,MSFT,805,-0.79
2025-01-01 09:36:20,MSFT,530,-0.72
2025-01-01 09:36:21,MSFT,382,0.14
2025-01-01 09:36:22,MSFT,283,0.39
2025-01-01 09:36:23,MSFT,867,-0.47
2025-01-01 09:36:24,MSFT,720,0.78
2025-01-01 09:36:25,MSFT,740,0.72
2025-01-01 09:36:26,MSFT,432,0.22
2025-01-01 09:36:27,MSFT,979,0.46
2025-01-01 09:36:28,MSFT,801,-0.95
2025-01-01 09:36:29,MSFT,539,-0.5
2025-01-01 09:36:30,MSFT,191,0.48
2025-01-01 09:36:31,MSFT,914,-0.56
2025-01-01 09:36:32,MSFT,796,-0.74
2025-01-01 09:36:33,MSFT,396,-0.57
2025-01-01 09:36:34,MSFT,484,0.2
2025-01-01 09:36:35,MSFT,995,0.89
2025-01-01 09:36:36,MSFT,597,0.91
2025-01-01 09:36:37,MSFT,491,0.35
2025-01-01 09:36:38,MSFT,312,0.05
2025-01-01 09:36:39,MSFT,254,0.28
2025-01-01 09:36:40,MSFT,961,0.41
2025-01-01 09:36:41,MSFT,867,0.5
2025-01-01 09:36:42,MSFT,915,0.93
2025-01-01 09:36:43,MSFT,760,-0.21
2025-01-01 09:36:44,MSFT,262,0.84
2025-01-01 09:36:45,MSFT,905,-0.92
2025-01-01 09:36:46,MSFT,520,0.33
2025-01-01 09:36:47,MSFT,863,-0.41
2025-01-01 09:36:48,MSFT,405,-0.16
2025-01-01 09:36:49,MSFT,441,0.55
2025-01-01 09:36:50,MSFT,959,-0.43
2025-01-01 09:36:51,MSFT,452,0.77
2025-01-01 09:36:52,MSFT,729,-0.16
2025-01-01 09:36:53,MSFT,503,-0.36
2025-01-01 09:36:54,MSFT,692,-0.67
2025-01-01 09:36:55,MSFT,312,-0.52
2025-01-01 09:36:56,MSFT,907,0.17
2025-01-01 09:36:57,MSFT,126,-0.35
2025-01-01 09:36:58,MSFT,442,-0.42
2025-01-01 09:36:59,MSFT,918,-0.89
2025-01-01 09:37:00,MSFT,974,-0.57
2025-01-01 09:37:01,MSFT,559,-0.61
2025-01-01 09:37:02,MSFT,698,0.1
2025-01-01 09:37:03,MSFT,161,0.41
2025-01-01 09:37:04,MSFT,402,-0.7
2025-01-01 09:37:05,MSFT,878,0.07
2025-01-01 09:37:06,MSFT,871,-1.0
2025-01-01 09:37:07,MSFT,736,0.63
2025-01-01 09:37:08,MSFT,886,-0.38
2025-01-01 09:37:09,MSFT,470,0.34
2025-01-01 09:37:10,MSFT,424,-0.32
2025-01-01 09:37:11,MSFT,426,-0.33
2025-01-01 09:37:12,MSFT,462,0.86
2025-01-01 09:37:13,MSFT,124,-0.49
2025-01-01 09:37:14,MSFT,650,-0.15
2025-01-01 09:37:15,MSFT,849,-0.03
2025-01-01 09:37:16,MSFT,817,-0.42
2025-01-01 09:37:17,MSFT,151,-0.06
2025-01-01 09:37:18,MSFT,502,0.33
2025-01-01 09:37:19,MSFT,935,-0.22
2025-01-01 09:37:20,MSFT,562,-0.65
2025-01-01 09:37:21,MSFT,966,-0.16
2025-01-01 09:37:22,MSFT,122,-0.18
2025-01-01 09:37:23,MSFT,874,0.51
2025-01-01 09:37:24,MSFT,854,0.27
2025-01-01 09:37:25,MSFT,442,-0.89
2025-01-01 09:37:26,MSFT,579,-0.94
2025-01-01 09:37:27,MSFT,309,-0.77
2025-01-01 09:37:28,MSFT,234,-0.1
2025-01-01 09:37:29,MSFT,858,-0.66
2025-01-01 09:37:30,MSFT,450,0.3
2025-01-01 09:37:31,MSFT,231,-0.63
2025-01-01 09:37:32,MSFT,110,0.41
2025-01-01 09:37:33,MSFT,181,-0.85
2025-01-01 09:37:34,MSFT,308,-0.81
2025-01-01 09:37:35,MSFT,862,-0.01
2025-01-01 09:37:36,MSFT,351,0.54
2025-01-01 09:37:37,MSFT,904,-0.68
2025-01-01 09:37:38,MSFT,179,0.15
2025-01-01 09:37:39,MSFT,136,0.7
2025-01-01 09:37:40,MSFT,257,-0.89
2025-01-01 09:37:41,MSFT,810,-0.13
2025-01-01 09:37:42,MSFT,334,-0.84
2025-01-01 09:37:43,MSFT,926,0.93
2025-01-01 09:37:44,MSFT,412,-0.33
2025-01-01 09:37:45,MSFT,449,0.23
2025-01-01 09:37:46,MSFT,396,0.85
2025-01-01 09:37:47,MSFT,213,-0.78
2025-01-01 09:37:48,MSFT,547,0.88
2025-01-01 09:37:49,MSFT,355,0.63
2025-01-01 09:37:50,MSFT,357,-0.41
2025-01-01 09:37:51,MSFT,630,-0.0
2025-01-01 09:37:52,MSFT,631,0.97
2025-01-01 09:37:53,MSFT,763,0.54
2025-01-01 09:37:54,MSFT,200,-0.11
2025-01-01 09:37:55,MSFT,183,0.25
2025-01-01 09:37:56,MSFT,508,-0.95
2025-01-01 09:37:57,MSFT,171,-0.47
2025-01-01 09:37:58,MSFT,963,-0.4
2025-01-01 09:37:59,MSFT,932,0.33
2025-01-01 09:38:00,MSFT,106,-0.95
2025-01-01 09:38:01,MSFT,880,0.51
2025-01-01 09:38:02,MSFT,160,-0.89
2025-01-01 09:38:03,MSFT,325,0.05
2025-01-01 09:38:04,MSFT,346,-0.34
2025-01-01 09:38:05,MSFT,124,-0.28
2025-01-01 09:38:06,MSFT,737,-0.38
2025-01-01 09:38:07,MSFT,711,-0.3
2025-01-01 09:38:08,MSFT,416,0.83
2025-01-01 09:38:09,MSFT,625,0.44
2025-01-01 09:38:10,MSFT,423,-0.74
2025-01-01 09:38:11,MSFT,165,-0.54
2025-01-01 09:38:12,MSFT,584,0.52
2025-01-01 09:38:13,MSFT,167,0.63
2025-01-01 09:38:14,MSFT,986,0.62
2025-01-01 09:38:15,MSFT,984,0.65
2025-01-01 09:38:16,MSFT,507,0.32
2025-01-01 09:38:17,MSFT,358,0.5
2025-01-01 09:38:18,MSFT,962,0.94
2025-01-01 09:38:19,MSFT,789,0.34
2025-01-01 09:38:20,MSFT,952,0.01
2025-01-01 09:38:21,MSFT,801,0.73
2025-01-01 09:38:22,MSFT,131,0.71
2025-01-01 09:38:23,MSFT,911,0.45
2025-01-01 09:38:24,MSFT,163,0.67
2025-01-01 09:38:25,MSFT,634,-0.27
2025-01-01 09:38:26,MSFT,538,-0.92
2025-01-01 09:38:27,MSFT,958,-0.35
2025-01-01 09:38:28,MSFT,445,-0.98
2025-01-01 09:38:29,MSFT,294,0.56
2025-01-01 09:38:30,MSFT,673,-0.93
2025-01-01 09:38:31,MSFT,585,-0.19
2025-01-01 09:38:32,MSFT,366,0.84
2025-01-01 09:38:33,MSFT,286,0.4
2025-01-01 09:38:34,MSFT,883,0.32
2025-01-01 09:38:35,MSFT,369,0.07
2025-01-01 09:38:36,MSFT,731,0.08
2025-01-01 09:38:37,MSFT,136,0.45
2025-01-01 09:38:38,MSFT,202,-0.12
2025-01-01 09:38:39,MSFT,857,-0.92
2025-01-01 09:38:40,MSFT,205,0.19
2025-01-01 09:38:41,MSFT,307,1.0
2025-01-01 09:38:42,MSFT,882,-0.28
2025-01-01 09:38:43,MSFT,360,-0.17
2025-01-01 09:38:44,MSFT,382,0.3
2025-01-01 09:38:45,MSFT,158,0.85
2025-01-01 09:38:46,MSFT,709,-0.67
2025-01-01 09:38:47,MSFT,254,0.12
2025-01-01 09:38:48,MSFT,175,0.04
2025-01-01 09:38:49,MSFT,511,-0.23
2025-01-01 09:38:50,MSFT,875,-0.38
2025-01-01 09:38:51,MSFT,418,-0.26
2025-01-01 09:38:52,MSFT,265,-0.52
2025-01-01 09:38:53,MSFT,413,0.66
2025-01-01 09:38:54,MSFT,169,0.29
2025-01-01 09:38:55,MSFT,464,-0.78
2025-01-01 09:38:56,MSFT,806,0.09
2025-01-01 09:38:57,MSFT,225,-0.23
2025-01-01 09:38:58,MSFT,289,0.14
2025-01-01 09:38:59,MSFT,835,0.57
2025-01-01 09:39:00,MSFT,336,-0.68
2025-01-01 09:39:01,MSFT,552,0.7
2025-01-01 09:39:02,MSFT,466,0.64
2025-01-01 09:39:03,MSFT,102,-0.81
2025-01-01 09:39:04,MSFT,201,-0.7
2025-01-01 09:39:05,MSFT,640,0.99
2025-01-01 09:39:06,MSFT,599,0.38
2025-01-01 09:39:07,MSFT,767,0.96
2025-01-01 09:39:08,MSFT,153,0.27
2025-01-01 09:39:09,MSFT,407,0.71
2025-01-01 09:39:10,MSFT,267,0.05
2025-01-01 09:39:11,MSFT,897,0.31
2025-01-01 09:39:12,MSFT,529,0.13
2025-01-01 09:39:13,MSFT,722,-0.05
2025-01-01 09:39:14,MSFT,690,-0.04
2025-01-01 09:39:15,MSFT,949,0.75
2025-01-01 09:39:16,MSFT,487,0.65
2025-01-01 09:39:17,MSFT,856,0.76
2025-01-01 09:39:18,MSFT,736,-0.76
2025-01-01 09:39:19,MSFT,632,0.36
2025-01-01 09:39:20,MSFT,547,0.77
2025-01-01 09:39:21,MSFT,189,-0.94
2025-01-01 09:39:22,MSFT,255,-0.7
2025-01-01 09:39:23,MSFT,806,0.81
2025-01-01 09:39:24,MSFT,663,-0.22
2025-01-01 09:39:25,MSFT,806,-0.17
2025-01-01 09:39:26,MSFT,569,-0.07
2025-01-01 09:39:27,MSFT,441,-0.44
2025-01-01 09:39:28,MSFT,581,0.25
2025-01-01 09:39:29,MSFT,969,0.47
2025-01-01 09:39:30,MSFT,481,0.57
2025-01-01 09:39:31,MSFT,801,-0.73
2025-01-01 09:39:32,MSFT,507,0.81
2025-01-01 09:39:33,MSFT,679,0.2
2025-01-01 09:39:34,MSFT,768,0.44
2025-01-01 09:39:35,MSFT,861,-1.0
2025-01-01 09:39:36,MSFT,693,0.16
2025-01-01 09:39:37,MSFT,211,-0.08
2025-01-01 09:39:38,MSFT,316,-0.49
2025-01-01 09:39:39,MSFT,127,0.59
2025-01-01 09:39:40,MSFT,381,-0.43
2025-01-01 09:39:41,MSFT,518,0.6
2025-01-01 09:39:42,MSFT,612,0.38
2025-01-01 09:39:43,MSFT,421,-0.82
2025-01-01 09:39:44,MSFT,614,0.96
2025-01-01 09:39:45,MSFT,273,0.78
2025-01-01 09:39:46,MSFT,838,0.27
2025-01-01 09:39:47,MSFT,367,0.59
2025-01-01 09:39:48,MSFT,940,0.66
2025-01-01 09:39:49,MSFT,593,0.89
2025-01-01 09:39:50,MSFT,467,0.38
2025-01-01 09:39:51,MSFT,570,0.14
2025-01-01 09:39:52,MSFT,252,-0.56
2025-01-01 09:39:53,MSFT,899,-0.29
2025-01-01 09:39:54,MSFT,178,-0.13
2025-01-01 09:39:55,MSFT,575,0.75
2025-01-01 09:39:56,MSFT,480,0.0
2025-01-01 09:39:57,MSFT,182,-0.23
2025-01-01 09:39:58,MSFT,265,-0.37
2025-01-01 09:39:59,MSFT,293,-1.0
2025-01-01 09:40:00,MSFT,792,-0.88
2025-01-01 09:40:01,MSFT,571,0.44
2025-01-01 09:40:02,MSFT,481,0.08
2025-01-01 09:40:03,MSFT,372,-0.34
2025-01-01 09:40:04,MSFT,949,-0.17
2025-01-01 09:40:05,MSFT,209,0.75
2025-01-01 09:40:06,MSFT,224,0.23
2025-01-01 09:40:07,MSFT,896,-0.58
2025-01-01 09:40:08,MSFT,187,-0.84
2025-01-01 09:40:09,MSFT,629,-0.15
2025-01-01 09:40:10,MSFT,366,0.37
2025-01-01 09:40:11,MSFT,913,-0.65
2025-01-01 09:40:12,MSFT,732,0.1
2025-01-01 09:40:13,MSFT,782,-0.15
2025-01-01 09:40:14,MSFT,109,-0.85
2025-01-01 09:40:15,MSFT,866,0.78
2025-01-01 09:40:16,MSFT,838,0.96
2025-01-01 09:40:17,MSFT,270,0.4
2025-01-01 09:40:18,MSFT,178,-0.47
2025-01-01 09:40:19,MSFT,416,0.75
2025-01-01 09:40:20,MSFT,317,0.99
2025-01-01 09:40:21,MSFT,183,0.25
2025-01-01 09:40:22,MSFT,983,-0.25
2025-01-01 09:40:23,MSFT,314,0.46
2025-01-01 09:40:24,MSFT,977,-0.83
2025-01-01 09:40:25,MSFT,557,0.06
2025-01-01 09:40:26,MSFT,674,-0.29
2025-01-01 09:40:27,MSFT,326,-0.28
2025-01-01 09:40:28,MSFT,125,0.0
2025-01-01 09:40:29,MSFT,979,0.26
2025-01-01 09:40:30,MSFT,802,0.42
2025-01-01 09:40:31,MSFT,546,-0.67
2025-01-01 09:40:32,MSFT,692,-0.71
2025-01-01 09:40:33,MSFT,498,-0.15
2025-01-01 09:40:34,MSFT,130,-0.22
2025-01-01 09:40:35,MSFT,984,0.65
2025-01-01 09:40:36,MSFT,586,-0.34
2025-01-01 09:40:37,MSFT,734,0.76
2025-01-01 09:40:38,MSFT,814,-0.3
2025-01-01 09:40:39,MSFT,867,0.57
2025-01-01 09:40:40,MSFT,826,-0.27
2025-01-01 09:40:41,MSFT,117,-0.72
2025-01-01 09:40:42,MSFT,886,-0.85
2025-01-01 09:40:43,MSFT,616,0.74
2025-01-01 09:40:44,MSFT,759,0.45
2025-01-01 09:40:45,MSFT,959,0.28
2025-01-01 09:40:46,MSFT,961,0.09
2025-01-01 09:40:47,MSFT,610,-0.65
2025-01-01 09:40:48,MSFT,668,0.42
2025-01-01 09:40:49,MSFT,302,0.5
2025-01-01 09:40:50,MSFT,655,-0.57
2025-01-01 09:40:51,MSFT,958,-0.05
2025-01-01 09:40:52,MSFT,552,-0.36
2025-01-01 09:40:53,MSFT,980,-0.35
2025-01-01 09:40:54,MSFT,491,-0.44
2025-01-01 09:40:55,MSFT,953,-0.38
2025-01-01 09:40:56,MSFT,133,-0.11
2025-01-01 09:40:57,MSFT,763,-0.2
2025-01-01 09:40:58,MSFT,965,0.39
2025-01-01 09:40:59,MSFT,473,0.34
2025-01-01 09:41:00,MSFT,824,-0.94
2025-01-01 09:41:01,MSFT,333,0.45
2025-01-01 09:41:02,MSFT,333,0.38
2025-01-01 09:41:03,MSFT,347,-0.82
2025-01-01 09:41:04,MSFT,631,0.09
2025-01-01 09:41:05,MSFT,874,0.25
2025-01-01 09:41:06,MSFT,282,-0.92
2025-01-01 09:41:07,MSFT,979,0.63
2025-01-01 09:41:08,MSFT,594,-0.39
2025-01-01 09:41:09,MSFT,183,0.85
2025-01-01 09:41:10,MSFT,845,-0.62
2025-01-01 09:41:11,MSFT,713,-0.91
2025-01-01 09:41:12,MSFT,476,0.5
2025-01-01 09:41:13,MSFT,198,0.7
2025-01-01 09:41:14,MSFT,700,-0.29
2025-01-01 09:41:15,MSFT,123,0.74
2025-01-01 09:41:16,MSFT,109,0.15
2025-01-01 09:41:17,MSFT,405,-0.02
2025-01-01 09:41:18,MSFT,819,0.84
2025-01-01 09:41:19,MSFT,894,-0.94
2025-01-01 09:41:20,MSFT,823,0.79
2025-01-01 09:41:21,MSFT,525,-0.41
2025-01-01 09:41:22,MSFT,220,0.92
2025-01-01 09:41:23,MSFT,497,-0.55
2025-01-01 09:41:24,MSFT,305,0.54
2025-01-01 09:41:25,MSFT,436,0.65
2025-01-01 09:41:26,MSFT,472,-0.32
2025-01-01 09:41:27,MSFT,206,0.16
2025-01-01 09:41:28,MSFT,172,0.86
2025-01-01 09:41:29,MSFT,319,-0.89
2025-01-01 09:41:30,MSFT,108,0.51
2025-01-01 09:41:31,MSFT,723,0.47
2025-01-01 09:41:32,MSFT,390,0.89
2025-01-01 09:41:33,MSFT,832,0.93
2025-01-01 09:41:34,MSFT,595,0.51
2025-01-01 09:41:35,MSFT,245,-0.88
2025-01-01 09:41:36,MSFT,868,-0.47
2025-01-01 09:41:37,MSFT,649,0.4
2025-01-01 09:41:38,MSFT,117,0.81
2025-01-01 09:41:39,MSFT,597,-0.9
2025-01-01 09:41:40,MSFT,584,0.36
2025-01-01 09:41:41,MSFT,490,0.92
2025-01-01 09:41:42,MSFT,266,0.91
2025-01-01 09:41:43,MSFT,429,0.57
2025-01-01 09:41:44,MSFT,826,0.8
2025-01-01 09:41:45,MSFT,743,0.97
2025-01-01 09:41:46,MSFT,558,-0.08
2025-01-01 09:41:47,MSFT,159,0.9
2025-01-01 09:41:48,MSFT,136,0.03
2025-01-01 09:41:49,MSFT,686,0.95
2025-01-01 09:41:50,MSFT,958,-0.19
2025-01-01 09:41:51,MSFT,382,-0.37
2025-01-01 09:41:52,MSFT,297,0.09
2025-01-01 09:41:53,MSFT,577,0.14
2025-01-01 09:41:54,MSFT,796,0.7
2025-01-01 09:41:55,MSFT,209,-0.44
2025-01-01 09:41:56,MSFT,998,0.31
2025-01-01 09:41:57,MSFT,438,0.57
2025-01-01 09:41:58,MSFT,550,0.51
2025-01-01 09:41:59,MSFT,571,0.01
2025-01-01 09:42:00,MSFT,328,0.8
2025-01-01 09:42:01,MSFT,628,0.54
2025-01-01 09:42:02,MSFT,830,-0.24
2025-01-01 09:42:03,MSFT,738,0.37
2025-01-01 09:42:04,MSFT,127,-0.4
2025-01-01 09:42:05,MSFT,928,0.73
2025-01-01 09:42:06,MSFT,687,-0.4
2025-01-01 09:42:07,MSFT,767,0.12
2025-01-01 09:42:08,MSFT,827,0.19
2025-01-01 09:42:09,MSFT,318,-0.66
2025-01-01 09:42:10,MSFT,417,0.69
2025-01-01 09:42:11,MSFT,271,-0.15
2025-01-01 09:42:12,MSFT,359,0.39
2025-01-01 09:42:13,MSFT,537,-0.1
2025-01-01 09:42:14,MSFT,953,0.48
2025-01-01 09:42:15,MSFT,461,0.23
2025-01-01 09:42:16,MSFT,686,-0.8
2025-01-01 09:42:17,MSFT,942,-0.47
2025-01-01 09:42:18,MSFT,694,-0.4
2025-01-01 09:42:19,MSFT,982,-0.87
2025-01-01 09:42:20,MSFT,419,0.73
2025-01-01 09:42:21,MSFT,152,-0.24
2025-01-01 09:42:22,MSFT,799,-0.66
2025-01-01 09:42:23,MSFT,196,0.69
2025-01-01 09:42:24,MSFT,492,0.2
2025-01-01 09:42:25,MSFT,672,-0.87
2025-01-01 09:42:26,MSFT,852,-0.49
2025-01-01 09:42:27,MSFT,270,0.89
2025-01-01 09:42:28,MSFT,566,0.96
2025-01-01 09:42:29,MSFT,271,0.97
2025-01-01 09:42:30,MSFT,194,-0.08
2025-01-01 09:42:31,MSFT,794,-0.77
2025-01-01 09:42:32,MSFT,747,0.9
2025-01-01 09:42:33,MSFT,794,0.8
2025-01-01 09:42:34,MSFT,839,0.76
2025-01-01 09:42:35,MSFT,291,0.07
2025-01-01 09:42:36,MSFT,764,-0.54
2025-01-01 09:42:37,MSFT,676,-0.32
2025-01-01 09:42:38,MSFT,703,-0.76
2025-01-01 09:42:39,MSFT,623,0.64
2025-01-01 09:42:40,MSFT,209,-0.55
2025-01-01 09:42:41,MSFT,202,0.26
2025-01-01 09:42:42,MSFT,176,0.44
2025-01-01 09:42:43,MSFT,885,-0.27
2025-01-01 09:42:44,MSFT,242,0.03
2025-01-01 09:42:45,MSFT,996,-0.95
2025-01-01 09:42:46,MSFT,640,-0.44
2025-01-01 09:42:47,MSFT,277,0.11
2025-01-01 09:42:48,MSFT,536,0.33
2025-01-01 09:42:49,MSFT,106,-0.8
2025-01-01 09:42:50,MSFT,203,0.72
2025-01-01 09:42:51,MSFT,445,0.73
2025-01-01 09:42:52,MSFT,553,-0.06
2025-01-01 09:42:53,MSFT,427,0.12
2025-01-01 09:42:54,MSFT,383,-0.9
2025-01-01 09:42:55,MSFT,610,0.82
2025-01-01 09:42:56,MSFT,165,0.36
2025-01-01 09:42:57,MSFT,783,0.72
2025-01-01 09:42:58,MSFT,242,0.02
2025-01-01 09:42:59,MSFT,532,-0.88
2025-01-01 09:43:00,MSFT,620,-0.14
2025-01-01 09:43:01,MSFT,347,0.22
2025-01-01 09:43:02,MSFT,921,-0.46
2025-01-01 09:43:03,MSFT,357,-0.75
2025-01-01 09:43:04,MSFT,865,0.43
2025-01-01 09:43:05,MSFT,576,-0.21
2025-01-01 09:43:06,MSFT,714,0.34
2025-01-01 09:43:07,MSFT,800,0.46
2025-01-01 09:43:08,MSFT,833,0.94
2025-01-01 09:43:09,MSFT,609,-0.39
2025-01-01 09:43:10,MSFT,285,-0.64
2025-01-01 09:43:11,MSFT,970,0.71
2025-01-01 09:43:12,MSFT,400,-0.95
2025-01-01 09:43:13,MSFT,649,0.17
2025-01-01 09:43:14,MSFT,702,-0.52
2025-01-01 09:43:15,MSFT,675,0.6
2025-01-01 09:43:16,MSFT,472,0.09
2025-01-01 09:43:17,MSFT,126,0.67
2025-01-01 09:43:18,MSFT,959,-0.31
2025-01-01 09:43:19,MSFT,558,-0.94
2025-01-01 09:43:20,MSFT,827,0.35
2025-01-01 09:43:21,MSFT,892,-0.87
2025-01-01 09:43:22,MSFT,809,0.36
2025-01-01 09:43:23,MSFT,242,0.86
2025-01-01 09:43:24,MSFT,644,-0.23
2025-01-01 09:43:25,MSFT,186,-0.99
2025-01-01 09:43:26,MSFT,408,0.73
2025-01-01 09:43:27,MSFT,718,0.05
2025-01-01 09:43:28,MSFT,240,-0.12
2025-01-01 09:43:29,MSFT,162,0.04
2025-01-01 09:43:30,MSFT,827,-0.54
2025-01-01 09:43:31,MSFT,142,0.3
2025-01-01 09:43:32,MSFT,289,0.42
2025-01-01 09:43:33,MSFT,126,-0.84
2025-01-01 09:43:34,MSFT,733,0.43
2025-01-01 09:43:35,MSFT,509,-0.83
2025-01-01 09:43:36,MSFT,972,0.38
2025-01-01 09:43:37,MSFT,760,0.29
2025-01-01 09:43:38,MSFT,932,-0.64
2025-01-01 09:43:39,MSFT,981,-0.66
2025-01-01 09:43:40,MSFT,992,0.79
2025-01-01 09:43:41,MSFT,895,0.01
2025-01-01 09:43:42,MSFT,984,-0.39
2025-01-01 09:43:43,MSFT,877,-0.36
2025-01-01 09:43:44,MSFT,469,-0.82
2025-01-01 09:43:45,MSFT,873,0.03
2025-01-01 09:43:46,MSFT,520,-0.54
2025-01-01 09:43:47,MSFT,587,-0.34
2025-01-01 09:43:48,MSFT,885,-0.44
2025-01-01 09:43:49,MSFT,394,0.02
2025-01-01 09:43:50,MSFT,407,-0.49
2025-01-01 09:43:51,MSFT,735,0.4
2025-01-01 09:43:52,MSFT,378,-0.03
2025-01-01 09:43:53,MSFT,700,0.59
2025-01-01 09:43:54,MSFT,137,0.78
2025-01-01 09:43:55,MSFT,716,-0.75
2025-01-01 09:43:56,MSFT,703,0.87
2025-01-01 09:43:57,MSFT,376,0.11
2025-01-01 09:43:58,MSFT,392,0.52
2025-01-01 09:43:59,MSFT,863,0.84
2025-01-01 09:44:00,MSFT,916,-0.25
2025-01-01 09:44:01,MSFT,334,-0.69
2025-01-01 09:44:02,MSFT,131,-0.81
2025-01-01 09:44:03,MSFT,640,-0.17
2025-01-01 09:44:04,MSFT,201,0.36
2025-01-01 09:44:05,MSFT,181,-0.98
2025-01-01 09:44:06,MSFT,556,0.17
2025-01-01 09:44:07,MSFT,643,0.26
2025-01-01 09:44:08,MSFT,694,-0.47
2025-01-01 09:44:09,MSFT,376,-0.51
2025-01-01 09:44:10,MSFT,603,0.43
2025-01-01 09:44:11,MSFT,117,0.87
2025-01-01 09:44:12,MSFT,461,0.16
2025-01-01 09:44:13,MSFT,880,-0.76
2025-01-01 09:44:14,MSFT,466,0.09
2025-01-01 09:44:15,MSFT,654,0.05
2025-01-01 09:44:16,MSFT,248,0.54
2025-01-01 09:44:17,MSFT,417,0.43
2025-01-01 09:44:18,MSFT,478,-0.51
2025-01-01 09:44:19,MSFT,447,-0.28
2025-01-01 09:44:20,MSFT,756,-0.17
2025-01-01 09:44:21,MSFT,354,-0.61
2025-01-01 09:44:22,MSFT,522,-0.11
2025-01-01 09:44:23,MSFT,952,0.58
2025-01-01 09:44:24,MSFT,222,0.52
2025-01-01 09:44:25,MSFT,813,-0.64
2025-01-01 09:44:26,MSFT,443,-0.75
2025-01-01 09:44:27,MSFT,661,0.28
2025-01-01 09:44:28,MSFT,783,0.29
2025-01-01 09:44:29,MSFT,199,0.02
2025-01-01 09:44:30,MSFT,967,-0.35
2025-01-01 09:44:31,MSFT,609,0.1
2025-01-01 09:44:32,MSFT,490,-0.86
2025-01-01 09:44:33,MSFT,806,0.46
2025-01-01 09:44:34,MSFT,969,-0.75
2025-01-01 09:44:35,MSFT,508,0.38
2025-01-01 09:44:36,MSFT,884,0.07
2025-01-01 09:44:37,MSFT,192,0.9
2025-01-01 09:44:38,MSFT,278,-0.87
2025-01-01 09:44:39,MSFT,593,-0.34
2025-01-01 09:44:40,MSFT,568,-0.26
2025-01-01 09:44:41,MSFT,891,-0.22
2025-01-01 09:44:42,MSFT,376,-0.65
2025-01-01 09:44:43,MSFT,141,-0.24
2025-01-01 09:44:44,MSFT,907,0.15
2025-01-01 09:44:45,MSFT,424,-0.7
2025-01-01 09:44:46,MSFT,888,-0.11
2025-01-01 09:44:47,MSFT,387,0.0
2025-01-01 09:44:48,MSFT,293,0.13
2025-01-01 09:44:49,MSFT,281,0.69
2025-01-01 09:44:50,MSFT,192,-0.56
2025-01-01 09:44:51,MSFT,253,-0.3
2025-01-01 09:44:52,MSFT,719,-0.62
2025-01-01 09:44:53,MSFT,409,0.63
2025-01-01 09:44:54,MSFT,687,0.31
2025-01-01 09:44:55,MSFT,692,-0.45
2025-01-01 09:44:56,MSFT,145,-0.72
2025-01-01 09:44:57,MSFT,258,0.95
2025-01-01 09:44:58,MSFT,889,-0.44
2025-01-01 09:44:59,MSFT,974,0.51
2025-01-01 09:45:00,MSFT,226,0.7
2025-01-01 09:45:01,MSFT,104,-0.85
2025-01-01 09:45:02,MSFT,788,-0.66
2025-01-01 09:45:03,MSFT,146,0.21
2025-01-01 09:45:04,MSFT,196,-0.55
2025-01-01 09:45:05,MSFT,785,0.75
2025-01-01 09:45:06,MSFT,307,-0.83
2025-01-01 09:45:07,MSFT,248,-0.56
2025-01-01 09:45:08,MSFT,302,-0.83
2025-01-01 09:45:09,MSFT,658,0.8
2025-01-01 09:45:10,MSFT,677,-0.7
2025-01-01 09:45:11,MSFT,576,0.58
2025-01-01 09:45:12,MSFT,301,-0.65
2025-01-01 09:45:13,MSFT,901,-0.42
2025-01-01 09:45:14,MSFT,238,-0.98
2025-01-01 09:45:15,MSFT,618,0.83
2025-01-01 09:45:16,MSFT,974,0.67
2025-01-01 09:45:17,MSFT,157,-0.29
2025-01-01 09:45:18,MSFT,917,0.69
2025-01-01 09:45:19,MSFT,144,0.89
2025-01-01 09:45:20,MSFT,927,-0.47
2025-01-01 09:45:21,MSFT,624,0.69
2025-01-01 09:45:22,MSFT,752,0.06
2025-01-01 09:45:23,MSFT,415,-0.74
2025-01-01 09:45:24,MSFT,808,-0.15
2025-01-01 09:45:25,MSFT,119,-0.4
2025-01-01 09:45:26,MSFT,350,0.83
2025-01-01 09:45:27,MSFT,217,-0.46
2025-01-01 09:45:28,MSFT,806,0.81
2025-01-01 09:45:29,MSFT,984,-0.15
2025-01-01 09:45:30,MSFT,115,-0.61
2025-01-01 09:45:31,MSFT,370,0.89
2025-01-01 09:45:32,MSFT,591,-0.75
2025-01-01 09:45:33,MSFT,221,-0.0
2025-01-01 09:45:34,MSFT,232,0.36
2025-01-01 09:45:35,MSFT,507,0.62
2025-01-01 09:45:36,MSFT,263,0.47
2025-01-01 09:45:37,MSFT,358,0.91
2025-01-01 09:45:38,MSFT,228,0.43
2025-01-01 09:45:39,MSFT,604,-0.97
2025-01-01 09:45:40,MSFT,589,-0.4
2025-01-01 09:45:41,MSFT,345,-0.71
2025-01-01 09:45:42,MSFT,527,-0.24
2025-01-01 09:45:43,MSFT,265,0.47
2025-01-01 09:45:44,MSFT,752,-0.9
2025-01-01 09:45:45,MSFT,357,0.7
2025-01-01 09:45:46,MSFT,682,-0.27
2025-01-01 09:45:47,MSFT,700,-0.25
2025-01-01 09:45:48,MSFT,274,-0.87
2025-01-01 09:45:49,MSFT,824,0.87
2025-01-01 09:45:50,MSFT,118,0.92
2025-01-01 09:45:51,MSFT,213,-0.84
2025-01-01 09:45:52,MSFT,913,0.92
2025-01-01 09:45:53,MSFT,984,-0.68
2025-01-01 09:45:54,MSFT,858,-0.49
2025-01-01 09:45:55,MSFT,220,-0.21
2025-01-01 09:45:56,MSFT,904,-0.98
2025-01-01 09:45:57,MSFT,636,0.77
2025-01-01 09:45:58,MSFT,662,0.6
2025-01-01 09:45:59,MSFT,378,0.67
2025-01-01 09:46:00,MSFT,244,0.06
2025-01-01 09:46:01,MSFT,206,0.59
2025-01-01 09:46:02,MSFT,818,0.53
2025-01-01 09:46:03,MSFT,980,0.84
2025-01-01 09:46:04,MSFT,504,0.25
2025-01-01 09:46:05,MSFT,494,0.62
2025-01-01 09:46:06,MSFT,990,0.41
2025-01-01 09:46:07,MSFT,542,0.45
2025-01-01 09:46:08,MSFT,784,-0.31
2025-01-01 09:46:09,MSFT,954,-0.25
2025-01-01 09:46:10,MSFT,174,-0.18
2025-01-01 09:46:11,MSFT,960,-0.61
2025-01-01 09:46:12,MSFT,245,0.07
2025-01-01 09:46:13,MSFT,143,-0.28
2025-01-01 09:46:14,MSFT,379,-0.49
2025-01-01 09:46:15,MSFT,494,-0.05
2025-01-01 09:46:16,MSFT,192,0.32
2025-01-01 09:46:17,MSFT,707,-0.38
2025-01-01 09:46:18,MSFT,959,-0.2
2025-01-01 09:46:19,MSFT,142,0.54
2025-01-01 09:46:20,MSFT,577,0.87
2025-01-01 09:46:21,MSFT,687,-0.13
2025-01-01 09:46:22,MSFT,616,0.91
2025-01-01 09:46:23,MSFT,990,-0.44
2025-01-01 09:46:24,MSFT,843,0.77
2025-01-01 09:46:25,MSFT,760,0.67
2025-01-01 09:46:26,MSFT,440,0.86
2025-01-01 09:46:27,MSFT,664,0.72
2025-01-01 09:46:28,MSFT,324,-0.07
2025-01-01 09:46:29,MSFT,635,-0.99
2025-01-01 09:46:30,MSFT,890,0.76
2025-01-01 09:46:31,MSFT,628,-0.96
2025-01-01 09:46:32,MSFT,669,-0.71
2025-01-01 09:46:33,MSFT,361,0.89
2025-01-01 09:46:34,MSFT,127,-0.77
2025-01-01 09:46:35,MSFT,598,-0.33
2025-01-01 09:46:36,MSFT,906,0.13
2025-01-01 09:46:37,MSFT,343,0.49
2025-01-01 09:46:38,MSFT,314,0.2
2025-01-01 09:46:39,MSFT,387,0.24
2025-01-01 09:30:00,GOOGL,896,-0.11
2025-01-01 09:30:01,GOOGL,369,-0.7
2025-01-01 09:30:02,GOOGL,307,-0.33
2025-01-01 09:30:03,GOOGL,661,-0.6
2025-01-01 09:30:04,GOOGL,200,0.21
2025-01-01 09:30:05,GOOGL,204,-0.22
2025-01-01 09:30:06,GOOGL,182,0.56
2025-01-01 09:30:07,GOOGL,424,0.74
2025-01-01 09:30:08,GOOGL,796,0.52
2025-01-01 09:30:09,GOOGL,328,0.59
2025-01-01 09:30:10,GOOGL,751,-0.16
2025-01-01 09:30:11,GOOGL,483,0.25
2025-01-01 09:30:12,GOOGL,298,0.45
2025-01-01 09:30:13,GOOGL,126,-0.51
2025-01-01 09:30:14,GOOGL,496,-0.57
2025-01-01 09:30:15,GOOGL,237,-0.79
2025-01-01 09:30:16,GOOGL,797,0.1
2025-01-01 09:30:17,GOOGL,251,-0.7
2025-01-01 09:30:18,GOOGL,472,0.59
2025-01-01 09:30:19,GOOGL,490,-0.97
2025-01-01 09:30:20,GOOGL,885,-0.35
2025-01-01 09:30:21,GOOGL,518,0.99
2025-01-01 09:30:22,GOOGL,563,-0.33
2025-01-01 09:30:23,GOOGL,759,0.87
2025-01-01 09:30:24,GOOGL,505,0.01
2025-01-01 09:30:25,GOOGL,939,-0.49
2025-01-01 09:30:26,GOOGL,785,0.37
2025-01-01 09:30:27,GOOGL,395,-0.04
2025-01-01 09:30:28,GOOGL,712,0.32
2025-01-01 09:30:29,GOOGL,537,0.17
2025-01-01 09:30:30,GOOGL,976,0.98
2025-01-01 09:30:31,GOOGL,747,-0.56
2025-01-01 09:30:32,GOOGL,977,0.6
2025-01-01 09:30:33,GOOGL,438,-0.17
2025-01-01 09:30:34,GOOGL,960,-0.83
2025-01-01 09:30:35,GOOGL,867,-0.64
2025-01-01 09:30:36,GOOGL,332,0.23
2025-01-01 09:30:37,GOOGL,500,0.68
2025-01-01 09:30:38,GOOGL,161,-0.09
2025-01-01 09:30:39,GOOGL,801,-0.83
2025-01-01 09:30:40,GOOGL,982,-0.91
2025-01-01 09:30:41,GOOGL,897,0.38
2025-01-01 09:30:42,GOOGL,287,-0.06
2025-01-01 09:30:43,GOOGL,205,0.11
2025-01-01 09:30:44,GOOGL,701,0.14
2025-01-01 09:30:45,GOOGL,966,0.35
2025-01-01 09:30:46,GOOGL,357,-0.01
2025-01-01 09:30:47,GOOGL,665,0.43
2025-01-01 09:30:48,GOOGL,325,0.17
2025-01-01 09:30:49,GOOGL,308,0.02
2025-01-01 09:30:50,GOOGL,266,0.64
2025-01-01 09:30:51,GOOGL,639,-0.47
2025-01-01 09:30:52,GOOGL,413,-0.22
2025-01-01 09:30:53,GOOGL,510,-0.31
2025-01-01 09:30:54,GOOGL,687,-0.77
2025-01-01 09:30:55,GOOGL,763,-0.23
2025-01-01 09:30:56,GOOGL,121,0.72
2025-01-01 09:30:57,GOOGL,559,-0.34
2025-01-01 09:30:58,GOOGL,995,0.89
2025-01-01 09:30:59,GOOGL,177,0.56
2025-01-01 09:31:00,GOOGL,233,0.92
2025-01-01 09:31:01,GOOGL,205,0.76
2025-01-01 09:31:02,GOOGL,168,0.53
2025-01-01 09:31:03,GOOGL,928,0.56
2025-01-01 09:31:04,GOOGL,239,-0.71
2025-01-01 09:31:05,GOOGL,789,-0.3
2025-01-01 09:31:06,GOOGL,404,-0.97
2025-01-01 09:31:07,GOOGL,592,-0.97
2025-01-01 09:31:08,GOOGL,532,0.42
2025-01-01 09:31:09,GOOGL,267,-0.58
2025-01-01 09:31:10,GOOGL,799,0.22
2025-01-01 09:31:11,GOOGL,968,0.07
2025-01-01 09:31:12,GOOGL,295,-0.82
2025-01-01 09:31:13,GOOGL,298,0.82
2025-01-01 09:31:14,GOOGL,674,-0.59
2025-01-01 09:31:15,GOOGL,453,0.6
2025-01-01 09:31:16,GOOGL,585,-0.89
2025-01-01 09:31:17,GOOGL,802,-0.94
2025-01-01 09:31:18,GOOGL,895,-0.72
2025-01-01 09:31:19,GOOGL,852,0.6
2025-01-01 09:31:20,GOOGL,662,-0.3
2025-01-01 09:31:21,GOOGL,594,-0.64
2025-01-01 09:31:22,GOOGL,445,-0.15
2025-01-01 09:31:23,GOOGL,366,-0.54
2025-01-01 09:31:24,GOOGL,884,0.97
2025-01-01 09:31:25,GOOGL,626,-0.11
2025-01-01 09:31:26,GOOGL,850,0.46
2025-01-01 09:31:27,GOOGL,210,-0.06
2025-01-01 09:31:28,GOOGL,514,0.17
2025-01-01 09:31:29,GOOGL,815,-0.5
2025-01-01 09:31:30,GOOGL,392,0.53
2025-01-01 09:31:31,GOOGL,649,0.12
2025-01-01 09:31:32,GOOGL,600,0.02
2025-01-01 09:31:33,GOOGL,934,-0.83
2025-01-01 09:31:34,GOOGL,157,-0.71
2025-01-01 09:31:35,GOOGL,173,-0.98
2025-01-01 09:31:36,GOOGL,805,-0.49
2025-01-01 09:31:37,GOOGL,393,0.03
2025-01-01 09:31:38,GOOGL,961,-0.99
2025-01-01 09:31:39,GOOGL,959,-0.88
2025-01-01 09:31:40,GOOGL,441,0.35
2025-01-01 09:31:41,GOOGL,800,0.5
2025-01-01 09:31:42,GOOGL,502,-0.27
2025-01-01 09:31:43,GOOGL,947,0.88
2025-01-01 09:31:44,GOOGL,195,-0.95
2025-01-01 09:31:45,GOOGL,398,0.63
2025-01-01 09:31:46,GOOGL,743,-0.23
2025-01-01 09:31:47,GOOGL,972,-0.75
2025-01-01 09:31:48,GOOGL,178,-0.92
2025-01-01 09:31:49,GOOGL,328,0.05
2025-01-01 09:31:50,GOOGL,555,0.37
2025-01-01 09:31:51,GOOGL,640,0.5
2025-01-01 09:31:52,GOOGL,955,0.12
2025-01-01 09:31:53,GOOGL,532,-0.27
2025-01-01 09:31:54,GOOGL,155,-0.87
2025-01-01 09:31:55,GOOGL,896,0.53
2025-01-01 09:31:56,GOOGL,697,0.65
2025-01-01 09:31:57,GOOGL,996,-0.29
2025-01-01 09:31:58,GOOGL,722,0.43
2025-01-01 09:31:59,GOOGL,800,-0.04
2025-01-01 09:32:00,GOOGL,505,0.04
2025-01-01 09:32:01,GOOGL,779,-0.03
2025-01-01 09:32:02,GOOGL,460,0.74
2025-01-01 09:32:03,GOOGL,325,0.41
2025-01-01 09:32:04,GOOGL,414,0.23
2025-01-01 09:32:05,GOOGL,235,-0.46
2025-01-01 09:32:06,GOOGL,500,0.65
2025-01-01 09:32:07,GOOGL,316,0.67
2025-01-01 09:32:08,GOOGL,354,0.86
2025-01-01 09:32:09,GOOGL,410,0.49
2025-01-01 09:32:10,GOOGL,646,-0.47
2025-01-01 09:32:11,GOOGL,630,0.39
2025-01-01 09:32:12,GOOGL,880,-0.46
2025-01-01 09:32:13,GOOGL,374,-0.81
2025-01-01 09:32:14,GOOGL,565,0.82
2025-01-01 09:32:15,GOOGL,784,0.31
2025-01-01 09:32:16,GOOGL,237,0.03
2025-01-01 09:32:17,GOOGL,150,0.91
2025-01-01 09:32:18,GOOGL,574,0.18
2025-01-01 09:32:19,GOOGL,248,-0.88
2025-01-01 09:32:20,GOOGL,438,0.88
2025-01-01 09:32:21,GOOGL,681,0.44
2025-01-01 09:32:22,GOOGL,863,-0.69
2025-01-01 09:32:23,GOOGL,555,0.48
2025-01-01 09:32:24,GOOGL,952,0.91
2025-01-01 09:32:25,GOOGL,826,0.88
2025-01-01 09:32:26,GOOGL,826,0.06
2025-01-01 09:32:27,GOOGL,338,-0.61
2025-01-01 09:32:28,GOOGL,243,-0.58
2025-01-01 09:32:29,GOOGL,891,0.74
2025-01-01 09:32:30,GOOGL,401,0.74
2025-01-01 09:32:31,GOOGL,622,-0.1
2025-01-01 09:32:32,GOOGL,406,0.7
2025-01-01 09:32:33,GOOGL,436,0.39
2025-01-01 09:32:34,GOOGL,901,-0.23
2025-01-01 09:32:35,GOOGL,632,0.06
2025-01-01 09:32:36,GOOGL,839,0.43
2025-01-01 09:32:37,GOOGL,720,-0.72
2025-01-01 09:32:38,GOOGL,621,0.95
2025-01-01 09:32:39,GOOGL,940,0.65
2025-01-01 09:32:40,GOOGL,722,0.61
2025-01-01 09:32:41,GOOGL,636,0.22
2025-01-01 09:32:42,GOOGL,737,-0.95
2025-01-01 09:32:43,GOOGL,882,0.46
2025-01-01 09:32:44,GOOGL,959,0.19
2025-01-01 09:32:45,GOOGL,952,0.69
2025-01-01 09:32:46,GOOGL,302,-0.03
2025-01-01 09:32:47,GOOGL,736,-0.55
2025-01-01 09:32:48,GOOGL,588,0.0
2025-01-01 09:32:49,GOOGL,313,-0.22
2025-01-01 09:32:50,GOOGL,564,0.81
2025-01-01 09:32:51,GOOGL,600,-0.03
2025-01-01 09:32:52,GOOGL,557,0.86
2025-01-01 09:32:53,GOOGL,219,0.2
2025-01-01 09:32:54,GOOGL,142,-0.69
2025-01-01 09:32:55,GOOGL,362,-0.85
2025-01-01 09:32:56,GOOGL,269,0.97
2025-01-01 09:32:57,GOOGL,702,0.41
2025-01-01 09:32:58,GOOGL,842,-0.72
2025-01-01 09:32:59,GOOGL,417,0.85
2025-01-01 09:33:00,GOOGL,419,-0.31
2025-01-01 09:33:01,GOOGL,777,-0.28
2025-01-01 09:33:02,GOOGL,308,-0.42
2025-01-01 09:33:03,GOOGL,511,-0.41
2025-01-01 09:33:04,GOOGL,795,-0.42
2025-01-01 09:33:05,GOOGL,631,-0.01
2025-01-01 09:33:06,GOOGL,187,0.56
2025-01-01 09:33:07,GOOGL,680,-0.01
2025-01-01 09:33:08,GOOGL,259,0.32
2025-01-01 09:33:09,GOOGL,718,0.92
2025-01-01 09:33:10,GOOGL,501,-0.82
2025-01-01 09:33:11,GOOGL,981,-0.29
2025-01-01 09:33:12,GOOGL,266,-0.75
2025-01-01 09:33:13,GOOGL,267,-0.77
2025-01-01 09:33:14,GOOGL,416,0.64
2025-01-01 09:33:15,GOOGL,648,-0.52
2025-01-01 09:33:16,GOOGL,178,0.16
2025-01-01 09:33:17,GOOGL,430,-0.61
2025-01-01 09:33:18,GOOGL,860,0.02
2025-01-01 09:33:19,GOOGL,965,0.75
2025-01-01 09:33:20,GOOGL,333,-0.66
2025-01-01 09:33:21,GOOGL,723,-0.15
2025-01-01 09:33:22,GOOGL,851,-0.63
2025-01-01 09:33:23,GOOGL,100,0.06
2025-01-01 09:33:24,GOOGL,436,-0.61
2025-01-01 09:33:25,GOOGL,163,0.73
2025-01-01 09:33:26,GOOGL,709,0.64
2025-01-01 09:33:27,GOOGL,302,0.71
2025-01-01 09:33:28,GOOGL,703,0.77
2025-01-01 09:33:29,GOOGL,569,-0.77
2025-01-01 09:33:30,GOOGL,999,0.34
2025-01-01 09:33:31,GOOGL,270,-0.48
2025-01-01 09:33:32,GOOGL,965,0.74
2025-01-01 09:33:33,GOOGL,888,0.95
2025-01-01 09:33:34,GOOGL,746,0.78
2025-01-01 09:33:35,GOOGL,330,0.51
2025-01-01 09:33:36,GOOGL,306,0.85
2025-01-01 09:33:37,GOOGL,904,0.69
2025-01-01 09:33:38,GOOGL,947,0.03
2025-01-01 09:33:39,GOOGL,146,0.25
2025-01-01 09:33:40,GOOGL,382,0.33
2025-01-01 09:33:41,GOOGL,687,0.46
2025-01-01 09:33:42,GOOGL,979,-0.81
2025-01-01 09:33:43,GOOGL,332,-0.65
2025-01-01 09:33:44,GOOGL,486,0.85
2025-01-01 09:33:45,GOOGL,135,-0.81
2025-01-01 09:33:46,GOOGL,365,0.62
2025-01-01 09:33:47,GOOGL,906,0.7
2025-01-01 09:33:48,GOOGL,845,-0.15
2025-01-01 09:33:49,GOOGL,685,-0.38
2025-01-01 09:33:50,GOOGL,616,0.69
2025-01-01 09:33:51,GOOGL,733,-0.93
2025-01-01 09:33:52,GOOGL,705,-0.92
2025-01-01 09:33:53,GOOGL,896,-0.88
2025-01-01 09:33:54,GOOGL,315,0.92
2025-01-01 09:33:55,GOOGL,741,0.47
2025-01-01 09:33:56,GOOGL,857,0.05
2025-01-01 09:33:57,GOOGL,871,0.77
2025-01-01 09:33:58,GOOGL,974,-0.38
2025-01-01 09:33:59,GOOGL,185,-0.19
2025-01-01 09:34:00,GOOGL,607,0.51
2025-01-01 09:34:01,GOOGL,201,-0.08
2025-01-01 09:34:02,GOOGL,454,-0.98
2025-01-01 09:34:03,GOOGL,281,0.37
2025-01-01 09:34:04,GOOGL,762,0.51
2025-01-01 09:34:05,GOOGL,677,-0.69
2025-01-01 09:34:06,GOOGL,197,-0.77
2025-01-01 09:34:07,GOOGL,754,0.56
2025-01-01 09:34:08,GOOGL,350,0.19
2025-01-01 09:34:09,GOOGL,442,0.79
2025-01-01 09:34:10,GOOGL,861,0.73
2025-01-01 09:34:11,GOOGL,693,-0.14
2025-01-01 09:34:12,GOOGL,689,-0.8
2025-01-01 09:34:13,GOOGL,201,-0.5
2025-01-01 09:34:14,GOOGL,151,0.79
2025-01-01 09:34:15,GOOGL,140,-0.89
2025-01-01 09:34:16,GOOGL,587,0.18
2025-01-01 09:34:17,GOOGL,251,-0.35
2025-01-01 09:34:18,GOOGL,754,0.51
2025-01-01 09:34:19,GOOGL,387,0.87
2025-01-01 09:34:20,GOOGL,488,-0.94
2025-01-01 09:34:21,GOOGL,405,0.44
2025-01-01 09:34:22,GOOGL,530,-0.42
2025-01-01 09:34:23,GOOGL,398,-0.24
2025-01-01 09:34:24,GOOGL,864,0.86
2025-01-01 09:34:25,GOOGL,706,0.77
2025-01-01 09:34:26,GOOGL,337,0.91
2025-01-01 09:34:27,GOOGL,328,-0.5
2025-01-01 09:34:28,GOOGL,412,0.99
2025-01-01 09:34:29,GOOGL,225,-0.92
2025-01-01 09:34:30,GOOGL,168,-0.02
2025-01-01 09:34:31,GOOGL,104,0.81
2025-01-01 09:34:32,GOOGL,164,0.02
2025-01-01 09:34:33,GOOGL,441,-0.43
2025-01-01 09:34:34,GOOGL,282,-0.11
2025-01-01 09:34:35,GOOGL,362,1.0
2025-01-01 09:34:36,GOOGL,207,0.85
2025-01-01 09:34:37,GOOGL,378,-0.57
2025-01-01 09:34:38,GOOGL,395,0.01
2025-01-01 09:34:39,GOOGL,833,0.47
2025-01-01 09:34:40,GOOGL,724,-0.83
2025-01-01 09:34:41,GOOGL,521,-0.5
2025-01-01 09:34:42,GOOGL,556,-0.15
2025-01-01 09:34:43,GOOGL,162,-0.31
2025-01-01 09:34:44,GOOGL,419,-0.26
2025-01-01 09:34:45,GOOGL,265,0.05
2025-01-01 09:34:46,GOOGL,871,-0.26
2025-01-01 09:34:47,GOOGL,837,0.33
2025-01-01 09:34:48,GOOGL,315,0.86
2025-01-01 09:34:49,GOOGL,565,0.82
2025-01-01 09:34:50,GOOGL,168,0.88
2025-01-01 09:34:51,GOOGL,754,-0.09
2025-01-01 09:34:52,GOOGL,566,-0.92
2025-01-01 09:34:53,GOOGL,803,-0.88
2025-01-01 09:34:54,GOOGL,274,0.19
2025-01-01 09:34:55,GOOGL,670,0.1
2025-01-01 09:34:56,GOOGL,876,0.42
2025-01-01 09:34:57,GOOGL,357,-0.07
2025-01-01 09:34:58,GOOGL,998,0.8
2025-01-01 09:34:59,GOOGL,272,0.2
2025-01-01 09:35:00,GOOGL,123,0.78
2025-01-01 09:35:01,GOOGL,589,-0.35
2025-01-01 09:35:02,GOOGL,383,0.77
2025-01-01 09:35:03,GOOGL,265,0.52
2025-01-01 09:35:04,GOOGL,340,-0.47
2025-01-01 09:35:05,GOOGL,820,0.12
2025-01-01 09:35:06,GOOGL,762,-0.54
2025-01-01 09:35:07,GOOGL,576,0.76
2025-01-01 09:35:08,GOOGL,999,0.48
2025-01-01 09:35:09,GOOGL,557,0.82
2025-01-01 09:35:10,GOOGL,495,0.71
2025-01-01 09:35:11,GOOGL,437,0.12
2025-01-01 09:35:12,GOOGL,355,0.39
2025-01-01 09:35:13,GOOGL,144,-0.09
2025-01-01 09:35:14,GOOGL,957,0.82
2025-01-01 09:35:15,GOOGL,333,-0.07
2025-01-01 09:35:16,GOOGL,224,0.3
2025-01-01 09:35:17,GOOGL,959,0.59
2025-01-01 09:35:18,GOOGL,383,-0.15
2025-01-01 09:35:19,GOOGL,705,-0.07
2025-01-01 09:35:20,GOOGL,581,-0.02
2025-01-01 09:35:21,GOOGL,760,0.5
2025-01-01 09:35:22,GOOGL,270,0.28
2025-01-01 09:35:23,GOOGL,285,-0.15
2025-01-01 09:35:24,GOOGL,841,0.17
2025-01-01 09:35:25,GOOGL,200,-0.23
2025-01-01 09:35:26,GOOGL,253,-0.61
2025-01-01 09:35:27,GOOGL,206,-0.53
2025-01-01 09:35:28,GOOGL,508,0.22
2025-01-01 09:35:29,GOOGL,685,0.54
2025-01-01 09:35:30,GOOGL,977,0.2
2025-01-01 09:35:31,GOOGL,495,0.1
2025-01-01 09:35:32,GOOGL,674,-0.64
2025-01-01 09:35:33,GOOGL,151,0.57
2025-01-01 09:35:34,GOOGL,258,-0.38
2025-01-01 09:35:35,GOOGL,446,0.08
2025-01-01 09:35:36,GOOGL,751,-0.35
2025-01-01 09:35:37,GOOGL,269,-0.65
2025-01-01 09:35:38,GOOGL,894,0.41
2025-01-01 09:35:39,GOOGL,916,-0.42
2025-01-01 09:35:40,GOOGL,129,0.64
2025-01-01 09:35:41,GOOGL,987,0.68
2025-01-01 09:35:42,GOOGL,806,0.86
2025-01-01 09:35:43,GOOGL,464,0.53
2025-01-01 09:35:44,GOOGL,860,-0.01
2025-01-01 09:35:45,GOOGL,222,0.41
2025-01-01 09:35:46,GOOGL,167,-0.14
2025-01-01 09:35:47,GOOGL,308,-0.53
2025-01-01 09:35:48,GOOGL,168,-0.82
2025-01-01 09:35:49,GOOGL,906,0.58
2025-01-01 09:35:50,GOOGL,246,-0.81
2025-01-01 09:35:51,GOOGL,444,-0.32
2025-01-01 09:35:52,GOOGL,927,0.89
2025-01-01 09:35:53,GOOGL,628,-0.06
2025-01-01 09:35:54,GOOGL,116,-0.19
2025-01-01 09:35:55,GOOGL,590,-0.33
2025-01-01 09:35:56,GOOGL,107,-0.78
2025-01-01 09:35:57,GOOGL,649,-0.09
2025-01-01 09:35:58,GOOGL,260,0.94
2025-01-01 09:35:59,GOOGL,790,-0.49
2025-01-01 09:36:00,GOOGL,293,0.69
2025-01-01 09:36:01,GOOGL,603,-0.54
2025-01-01 09:36:02,GOOGL,837,-0.09
2025-01-01 09:36:03,GOOGL,254,-0.3
2025-01-01 09:36:04,GOOGL,130,-0.02
2025-01-01 09:36:05,GOOGL,144,-0.57
2025-01-01 09:36:06,GOOGL,565,0.73
2025-01-01 09:36:07,GOOGL,721,0.79
2025-01-01 09:36:08,GOOGL,465,-0.52
2025-01-01 09:36:09,GOOGL,296,0.44
2025-01-01 09:36:10,GOOGL,573,-0.86
2025-01-01 09:36:11,GOOGL,951,-0.32
2025-01-01 09:36:12,GOOGL,300,0.81
2025-01-01 09:36:13,GOOGL,301,-0.94
2025-01-01 09:36:14,GOOGL,368,0.31
2025-01-01 09:36:15,GOOGL,827,0.44
2025-01-01 09:36:16,GOOGL,275,-0.35
2025-01-01 09:36:17,GOOGL,986,-0.12
2025-01-01 09:36:18,GOOGL,479,0.38
2025-01-01 09:36:19,GOOGL,730,0.91
2025-01-01 09:36:20,GOOGL,229,0.33
2025-01-01 09:36:21,GOOGL,863,-0.13
2025-01-01 09:36:22,GOOGL,992,-0.28
2025-01-01 09:36:23,GOOGL,726,0.53
2025-01-01 09:36:24,GOOGL,537,0.71
2025-01-01 09:36:25,GOOGL,614,-0.28
2025-01-01 09:36:26,GOOGL,292,-0.94
2025-01-01 09:36:27,GOOGL,601,0.12
2025-01-01 09:36:28,GOOGL,588,-0.93
2025-01-01 09:36:29,GOOGL,632,0.53
2025-01-01 09:36:30,GOOGL,453,0.73
2025-01-01 09:36:31,GOOGL,410,0.79
2025-01-01 09:36:32,GOOGL,575,-0.2
2025-01-01 09:36:33,GOOGL,885,0.26
2025-01-01 09:36:34,GOOGL,109,-0.86
2025-01-01 09:36:35,GOOGL,293,-0.02
2025-01-01 09:36:36,GOOGL,765,-0.62
2025-01-01 09:36:37,GOOGL,360,0.74
2025-01-01 09:36:38,GOOGL,636,0.92
2025-01-01 09:36:39,GOOGL,459,-0.52
2025-01-01 09:36:40,GOOGL,781,0.83
2025-01-01 09:36:41,GOOGL,584,0.14
2025-01-01 09:36:42,GOOGL,671,0.6
2025-01-01 09:36:43,GOOGL,427,-0.9
2025-01-01 09:36:44,GOOGL,489,0.87
2025-01-01 09:36:45,GOOGL,656,-0.08
2025-01-01 09:36:46,GOOGL,523,0.51
2025-01-01 09:36:47,GOOGL,579,0.89
2025-01-01 09:36:48,GOOGL,467,0.3
2025-01-01 09:36:49,GOOGL,992,0.03
2025-01-01 09:36:50,GOOGL,907,-0.22
2025-01-01 09:36:51,GOOGL,861,-0.24
2025-01-01 09:36:52,GOOGL,610,0.58
2025-01-01 09:36:53,GOOGL,651,-0.03
2025-01-01 09:36:54,GOOGL,911,0.42
2025-01-01 09:36:55,GOOGL,765,0.62
2025-01-01 09:36:56,GOOGL,588,-0.12
2025-01-01 09:36:57,GOOGL,102,-0.81
2025-01-01 09:36:58,GOOGL,806,-0.54
2025-01-01 09:36:59,GOOGL,882,0.72
2025-01-01 09:37:00,GOOGL,344,0.92
2025-01-01 09:37:01,GOOGL,501,0.69
2025-01-01 09:37:02,GOOGL,476,0.49
2025-01-01 09:37:03,GOOGL,574,0.96
2025-01-01 09:37:04,GOOGL,804,1.0
2025-01-01 09:37:05,GOOGL,836,0.24
2025-01-01 09:37:06,GOOGL,587,-0.29
2025-01-01 09:37:07,GOOGL,783,-0.66
2025-01-01 09:37:08,GOOGL,495,0.33
2025-01-01 09:37:09,GOOGL,901,-0.69
2025-01-01 09:37:10,GOOGL,610,0.03
2025-01-01 09:37:11,GOOGL,824,0.88
2025-01-01 09:37:12,GOOGL,281,-0.55
2025-01-01 09:37:13,GOOGL,224,-0.77
2025-01-01 09:37:14,GOOGL,810,-0.52
2025-01-01 09:37:15,GOOGL,164,0.34
2025-01-01 09:37:16,GOOGL,554,-0.66
2025-01-01 09:37:17,GOOGL,434,-1.0
2025-01-01 09:37:18,GOOGL,459,-0.42
2025-01-01 09:37:19,GOOGL,345,-0.14
2025-01-01 09:37:20,GOOGL,982,-0.63
2025-01-01 09:37:21,GOOGL,923,0.62
2025-01-01 09:37:22,GOOGL,952,-0.1
2025-01-01 09:37:23,GOOGL,553,0.6
2025-01-01 09:37:24,GOOGL,835,0.62
2025-01-01 09:37:25,GOOGL,432,-0.5
2025-01-01 09:37:26,GOOGL,271,0.47
2025-01-01 09:37:27,GOOGL,503,-0.73
2025-01-01 09:37:28,GOOGL,961,-0.91
2025-01-01 09:37:29,GOOGL,218,0.18
2025-01-01 09:37:30,GOOGL,875,0.9
2025-01-01 09:37:31,GOOGL,973,0.14
2025-01-01 09:37:32,GOOGL,614,0.1
2025-01-01 09:37:33,GOOGL,467,0.4
2025-01-01 09:37:34,GOOGL,973,0.42
2025-01-01 09:37:35,GOOGL,105,0.14
2025-01-01 09:37:36,GOOGL,690,-0.81
2025-01-01 09:37:37,GOOGL,463,0.88
2025-01-01 09:37:38,GOOGL,166,-0.21
2025-01-01 09:37:39,GOOGL,561,0.91
2025-01-01 09:37:40,GOOGL,364,0.53
2025-01-01 09:37:41,GOOGL,522,0.12
2025-01-01 09:37:42,GOOGL,777,-0.39
2025-01-01 09:37:43,GOOGL,404,-0.26
2025-01-01 09:37:44,GOOGL,772,0.72
2025-01-01 09:37:45,GOOGL,702,0.11
2025-01-01 09:37:46,GOOGL,814,-0.96
2025-01-01 09:37:47,GOOGL,971,-0.49
2025-01-01 09:37:48,GOOGL,319,0.84
2025-01-01 09:37:49,GOOGL,645,-0.66
2025-01-01 09:37:50,GOOGL,455,-0.31
2025-01-01 09:37:51,GOOGL,256,0.94
2025-01-01 09:37:52,GOOGL,791,-0.35
2025-01-01 09:37:53,GOOGL,963,-0.55
2025-01-01 09:37:54,GOOGL,225,-0.72
2025-01-01 09:37:55,GOOGL,779,0.56
2025-01-01 09:37:56,GOOGL,579,0.54
2025-01-01 09:37:57,GOOGL,576,0.19
2025-01-01 09:37:58,GOOGL,985,0.45
2025-01-01 09:37:59,GOOGL,638,0.46
2025-01-01 09:38:00,GOOGL,467,-0.62
2025-01-01 09:38:01,GOOGL,517,0.44
2025-01-01 09:38:02,GOOGL,684,0.91
2025-01-01 09:38:03,GOOGL,615,0.24
2025-01-01 09:38:04,GOOGL,276,-0.35
2025-01-01 09:38:05,GOOGL,444,0.09
2025-01-01 09:38:06,GOOGL,618,-0.93
2025-01-01 09:38:07,GOOGL,942,0.4
2025-01-01 09:38:08,GOOGL,866,-0.26
2025-01-01 09:38:09,GOOGL,512,0.15
2025-01-01 09:38:10,GOOGL,615,-0.3
2025-01-01 09:38:11,GOOGL,389,-0.36
2025-01-01 09:38:12,GOOGL,760,0.36
2025-01-01 09:38:13,GOOGL,797,-0.7
2025-01-01 09:38:14,GOOGL,694,-0.69
2025-01-01 09:38:15,GOOGL,520,0.92
2025-01-01 09:38:16,GOOGL,664,-0.41
2025-01-01 09:38:17,GOOGL,121,-0.04
2025-01-01 09:38:18,GOOGL,892,-0.96
2025-01-01 09:38:19,GOOGL,697,0.84
2025-01-01 09:38:20,GOOGL,248,0.21
2025-01-01 09:38:21,GOOGL,943,0.52
2025-01-01 09:38:22,GOOGL,316,-0.25
2025-01-01 09:38:23,GOOGL,849,0.48
2025-01-01 09:38:24,GOOGL,924,-0.88
2025-01-01 09:38:25,GOOGL,614,0.82
2025-01-01 09:38:26,GOOGL,410,0.26
2025-01-01 09:38:27,GOOGL,830,0.11
2025-01-01 09:38:28,GOOGL,943,0.86
2025-01-01 09:38:29,GOOGL,348,-0.63
2025-01-01 09:38:30,GOOGL,505,-0.53
2025-01-01 09:38:31,GOOGL,967,0.86
2025-01-01 09:38:32,GOOGL,843,-0.13
2025-01-01 09:38:33,GOOGL,675,-0.93
2025-01-01 09:38:34,GOOGL,733,-0.35
2025-01-01 09:38:35,GOOGL,443,-0.96
2025-01-01 09:38:36,GOOGL,251,-0.9
2025-01-01 09:38:37,GOOGL,577,0.12
2025-01-01 09:38:38,GOOGL,283,0.84
2025-01-01 09:38:39,GOOGL,875,0.91
2025-01-01 09:38:40,GOOGL,466,0.92
2025-01-01 09:38:41,GOOGL,400,0.16
2025-01-01 09:38:42,GOOGL,553,0.45
2025-01-01 09:38:43,GOOGL,177,0.23
2025-01-01 09:38:44,GOOGL,526,-0.88
2025-01-01 09:38:45,GOOGL,644,-0.0
2025-01-01 09:38:46,GOOGL,539,-0.27
2025-01-01 09:38:47,GOOGL,699,0.17
2025-01-01 09:38:48,GOOGL,617,0.46
2025-01-01 09:38:49,GOOGL,832,0.1
2025-01-01 09:38:50,GOOGL,895,0.04
2025-01-01 09:38:51,GOOGL,132,-0.39
2025-01-01 09:38:52,GOOGL,376,-0.68
2025-01-01 09:38:53,GOOGL,862,-0.87
2025-01-01 09:38:54,GOOGL,566,-0.81
2025-01-01 09:38:55,GOOGL,190,0.56
2025-01-01 09:38:56,GOOGL,183,-0.75
2025-01-01 09:38:57,GOOGL,408,0.16
2025-01-01 09:38:58,GOOGL,269,-0.99
2025-01-01 09:38:59,GOOGL,780,-0.45
2025-01-01 09:39:00,GOOGL,156,0.79
2025-01-01 09:39:01,GOOGL,987,-0.56
2025-01-01 09:39:02,GOOGL,922,-0.33
2025-01-01 09:39:03,GOOGL,557,-0.9
2025-01-01 09:39:04,GOOGL,165,-0.9
2025-01-01 09:39:05,GOOGL,335,-0.55
2025-01-01 09:39:06,GOOGL,634,-0.73
2025-01-01 09:39:07,GOOGL,542,0.1
2025-01-01 09:39:08,GOOGL,533,-0.16
2025-01-01 09:39:09,GOOGL,268,-0.24
2025-01-01 09:39:10,GOOGL,740,-0.53
2025-01-01 09:39:11,GOOGL,971,0.19
2025-01-01 09:39:12,GOOGL,899,-0.99
2025-01-01 09:39:13,GOOGL,784,0.87
2025-01-01 09:39:14,GOOGL,482,-0.22
2025-01-01 09:39:15,GOOGL,775,0.44
2025-01-01 09:39:16,GOOGL,423,0.92
2025-01-01 09:39:17,GOOGL,284,0.67
2025-01-01 09:39:18,GOOGL,327,0.34
2025-01-01 09:39:19,GOOGL,281,0.78
2025-01-01 09:39:20,GOOGL,976,0.44
2025-01-01 09:39:21,GOOGL,357,0.05
2025-01-01 09:39:22,GOOGL,565,0.79
2025-01-01 09:39:23,GOOGL,687,0.64
2025-01-01 09:39:24,GOOGL,642,0.17
2025-01-01 09:39:25,GOOGL,203,-0.52
2025-01-01 09:39:26,GOOGL,229,0.91
2025-01-01 09:39:27,GOOGL,690,0.85
2025-01-01 09:39:28,GOOGL,282,0.56
2025-01-01 09:39:29,GOOGL,138,-0.2
2025-01-01 09:39:30,GOOGL,187,-0.76
2025-01-01 09:39:31,GOOGL,881,-0.35
2025-01-01 09:39:32,GOOGL,292,-0.64
2025-01-01 09:39:33,GOOGL,833,0.53
2025-01-01 09:39:34,GOOGL,202,0.9
2025-01-01 09:39:35,GOOGL,418,0.23
2025-01-01 09:39:36,GOOGL,620,0.16
2025-01-01 09:39:37,GOOGL,429,0.34
2025-01-01 09:39:38,GOOGL,519,0.29
2025-01-01 09:39:39,GOOGL,751,0.23
2025-01-01 09:39:40,GOOGL,837,-0.82
2025-01-01 09:39:41,GOOGL,728,0.7
2025-01-01 09:39:42,GOOGL,446,0.69
2025-01-01 09:39:43,GOOGL,333,0.23
2025-01-01 09:39:44,GOOGL,303,0.19
2025-01-01 09:39:45,GOOGL,442,0.81
2025-01-01 09:39:46,GOOGL,532,0.29
2025-01-01 09:39:47,GOOGL,746,0.97
2025-01-01 09:39:48,GOOGL,792,0.88
2025-01-01 09:39:49,GOOGL,293,-0.37
2025-01-01 09:39:50,GOOGL,860,0.93
2025-01-01 09:39:51,GOOGL,149,0.93
2025-01-01 09:39:52,GOOGL,193,0.09
2025-01-01 09:39:53,GOOGL,240,0.3
2025-01-01 09:39:54,GOOGL,468,0.81
2025-01-01 09:39:55,GOOGL,137,-0.65
2025-01-01 09:39:56,GOOGL,558,0.36
2025-01-01 09:39:57,GOOGL,719,-0.97
2025-01-01 09:39:58,GOOGL,438,0.99
2025-01-01 09:39:59,GOOGL,596,-0.26
2025-01-01 09:40:00,GOOGL,600,-0.74
2025-01-01 09:40:01,GOOGL,191,-0.69
2025-01-01 09:40:02,GOOGL,222,0.38
2025-01-01 09:40:03,GOOGL,977,0.74
2025-01-01 09:40:04,GOOGL,341,0.74
2025-01-01 09:40:05,GOOGL,596,0.68
2025-01-01 09:40:06,GOOGL,313,-0.47
2025-01-01 09:40:07,GOOGL,504,-0.8
2025-01-01 09:40:08,GOOGL,287,0.3
2025-01-01 09:40:09,GOOGL,172,-0.64
2025-01-01 09:40:10,GOOGL,908,0.6
2025-01-01 09:40:11,GOOGL,803,0.95
2025-01-01 09:40:12,GOOGL,443,0.93
2025-01-01 09:40:13,GOOGL,429,-0.48
2025-01-01 09:40:14,GOOGL,235,0.02
2025-01-01 09:40:15,GOOGL,282,0.72
2025-01-01 09:40:16,GOOGL,526,-0.11
2025-01-01 09:40:17,GOOGL,585,-0.29
2025-01-01 09:40:18,GOOGL,689,0.67
2025-01-01 09:40:19,GOOGL,479,-0.46
2025-01-01 09:40:20,GOOGL,230,0.74
2025-01-01 09:40:21,GOOGL,320,0.52
2025-01-01 09:40:22,GOOGL,938,0.63
2025-01-01 09:40:23,GOOGL,588,-0.63
2025-01-01 09:40:24,GOOGL,817,-0.92
2025-01-01 09:40:25,GOOGL,882,-0.3
2025-01-01 09:40:26,GOOGL,833,0.55
2025-01-01 09:40:27,GOOGL,986,-0.58
2025-01-01 09:40:28,GOOGL,806,0.34
2025-01-01 09:40:29,GOOGL,392,-0.9
2025-01-01 09:40:30,GOOGL,141,0.98
2025-01-01 09:40:31,GOOGL,766,-0.65
2025-01-01 09:40:32,GOOGL,796,0.21
2025-01-01 09:40:33,GOOGL,195,0.06
2025-01-01 09:40:34,GOOGL,574,0.73
2025-01-01 09:40:35,GOOGL,456,0.06
2025-01-01 09:40:36,GOOGL,263,-0.55
2025-01-01 09:40:37,GOOGL,901,-0.49
2025-01-01 09:40:38,GOOGL,939,0.05
2025-01-01 09:40:39,GOOGL,410,0.18
2025-01-01 09:40:40,GOOGL,188,0.87
2025-01-01 09:40:41,GOOGL,755,-0.32
2025-01-01 09:40:42,GOOGL,414,-0.48
2025-01-01 09:40:43,GOOGL,485,0.45
2025-01-01 09:40:44,GOOGL,931,-0.02
2025-01-01 09:40:45,GOOGL,880,0.87
2025-01-01 09:40:46,GOOGL,793,0.76
2025-01-01 09:40:47,GOOGL,994,-0.05
2025-01-01 09:40:48,GOOGL,787,-0.84
2025-01-01 09:40:49,GOOGL,707,0.37
2025-01-01 09:40:50,GOOGL,966,0.72
2025-01-01 09:40:51,GOOGL,671,0.94
2025-01-01 09:40:52,GOOGL,127,-0.28
2025-01-01 09:40:53,GOOGL,565,-0.87
2025-01-01 09:40:54,GOOGL,903,-0.89
2025-01-01 09:40:55,GOOGL,813,-0.14
2025-01-01 09:40:56,GOOGL,762,0.09
2025-01-01 09:40:57,GOOGL,238,0.63
2025-01-01 09:40:58,GOOGL,249,-0.43
2025-01-01 09:40:59,GOOGL,323,0.48
2025-01-01 09:41:00,GOOGL,379,-0.23
2025-01-01 09:41:01,GOOGL,283,-0.57
2025-01-01 09:41:02,GOOGL,561,0.39
2025-01-01 09:41:03,GOOGL,406,-0.53
2025-01-01 09:41:04,GOOGL,469,-0.75
2025-01-01 09:41:05,GOOGL,360,-0.94
2025-01-01 09:41:06,GOOGL,260,0.07
2025-01-01 09:41:07,GOOGL,562,-0.26
2025-01-01 09:41:08,GOOGL,328,0.73
2025-01-01 09:41:09,GOOGL,497,0.11
2025-01-01 09:41:10,GOOGL,310,0.26
2025-01-01 09:41:11,GOOGL,576,0.38
2025-01-01 09:41:12,GOOGL,224,-0.54
2025-01-01 09:41:13,GOOGL,139,0.85
2025-01-01 09:41:14,GOOGL,843,-0.29
2025-01-01 09:41:15,GOOGL,263,-0.46
2025-01-01 09:41:16,GOOGL,298,-0.47
2025-01-01 09:41:17,GOOGL,650,-0.24
2025-01-01 09:41:18,GOOGL,297,0.25
2025-01-01 09:41:19,GOOGL,754,-0.58
2025-01-01 09:41:20,GOOGL,278,0.55
2025-01-01 09:41:21,GOOGL,996,0.65
2025-01-01 09:41:22,GOOGL,489,-0.53
2025-01-01 09:41:23,GOOGL,776,0.79
2025-01-01 09:41:24,GOOGL,803,0.25
2025-01-01 09:41:25,GOOGL,280,0.47
2025-01-01 09:41:26,GOOGL,641,0.94
2025-01-01 09:41:27,GOOGL,501,0.03
2025-01-01 09:41:28,GOOGL,862,-0.71
2025-01-01 09:41:29,GOOGL,782,-0.19
2025-01-01 09:41:30,GOOGL,371,0.27
2025-01-01 09:41:31,GOOGL,833,-0.1
2025-01-01 09:41:32,GOOGL,284,0.76
2025-01-01 09:41:33,GOOGL,605,0.68
2025-01-01 09:41:34,GOOGL,106,0.36
2025-01-01 09:41:35,GOOGL,841,-0.8
2025-01-01 09:41:36,GOOGL,741,-0.97
2025-01-01 09:41:37,GOOGL,199,0.04
2025-01-01 09:41:38,GOOGL,117,-0.79
2025-01-01 09:41:39,GOOGL,828,-0.24
2025-01-01 09:41:40,GOOGL,295,-0.45
2025-01-01 09:41:41,GOOGL,695,0.46
2025-01-01 09:41:42,GOOGL,747,0.23
2025-01-01 09:41:43,GOOGL,956,-0.59
2025-01-01 09:41:44,GOOGL,468,0.01
2025-01-01 09:41:45,GOOGL,774,-0.57
2025-01-01 09:41:46,GOOGL,179,-0.56
2025-01-01 09:41:47,GOOGL,781,0.18
2025-01-01 09:41:48,GOOGL,919,-0.21
2025-01-01 09:41:49,GOOGL,877,0.99
2025-01-01 09:41:50,GOOGL,242,-0.27
2025-01-01 09:41:51,GOOGL,310,-0.58
2025-01-01 09:41:52,GOOGL,838,-0.95
2025-01-01 09:41:53,GOOGL,475,-0.5
2025-01-01 09:41:54,GOOGL,172,0.26
2025-01-01 09:41:55,GOOGL,603,0.81
2025-01-01 09:41:56,GOOGL,416,-0.51
2025-01-01 09:41:57,GOOGL,870,-0.08
2025-01-01 09:41:58,GOOGL,793,-0.75
2025-01-01 09:41:59,GOOGL,657,0.68
2025-01-01 09:42:00,GOOGL,745,-0.65
2025-01-01 09:42:01,GOOGL,759,0.7
2025-01-01 09:42:02,GOOGL,491,0.75
2025-01-01 09:42:03,GOOGL,288,0.74
2025-01-01 09:42:04,GOOGL,181,-0.19
2025-01-01 09:42:05,GOOGL,718,-0.13
2025-01-01 09:42:06,GOOGL,828,-0.86
2025-01-01 09:42:07,GOOGL,888,0.03
2025-01-01 09:42:08,GOOGL,279,0.87
2025-01-01 09:42:09,GOOGL,423,-0.18
2025-01-01 09:42:10,GOOGL,109,0.4
2025-01-01 09:42:11,GOOGL,637,-0.71
2025-01-01 09:42:12,GOOGL,962,0.67
2025-01-01 09:42:13,GOOGL,382,-0.48
2025-01-01 09:42:14,GOOGL,621,-0.86
2025-01-01 09:42:15,GOOGL,200,0.07
2025-01-01 09:42:16,GOOGL,726,0.88
2025-01-01 09:42:17,GOOGL,474,0.23
2025-01-01 09:42:18,GOOGL,778,-0.42
2025-01-01 09:42:19,GOOGL,971,0.39
2025-01-01 09:42:20,GOOGL,762,-0.46
2025-01-01 09:42:21,GOOGL,511,-0.71
2025-01-01 09:42:22,GOOGL,707,-0.78
2025-01-01 09:42:23,GOOGL,617,0.41
2025-01-01 09:42:24,GOOGL,253,0.35
2025-01-01 09:42:25,GOOGL,429,0.89
2025-01-01 09:42:26,GOOGL,114,-0.21
2025-01-01 09:42:27,GOOGL,144,0.92
2025-01-01 09:42:28,GOOGL,652,0.37
2025-01-01 09:42:29,GOOGL,969,-0.48
2025-01-01 09:42:30,GOOGL,372,0.35
2025-01-01 09:42:31,GOOGL,388,-0.34
2025-01-01 09:42:32,GOOGL,354,-0.19
2025-01-01 09:42:33,GOOGL,143,-0.35
2025-01-01 09:42:34,GOOGL,408,-0.28
2025-01-01 09:42:35,GOOGL,303,-0.95
2025-01-01 09:42:36,GOOGL,947,0.35
2025-01-01 09:42:37,GOOGL,269,-0.23
2025-01-01 09:42:38,GOOGL,854,0.19
2025-01-01 09:42:39,GOOGL,642,0.2
2025-01-01 09:42:40,GOOGL,499,0.75
2025-01-01 09:42:41,GOOGL,372,-0.55
2025-01-01 09:42:42,GOOGL,539,0.15
2025-01-01 09:42:43,GOOGL,725,-0.84
2025-01-01 09:42:44,GOOGL,520,-0.22
2025-01-01 09:42:45,GOOGL,379,0.8
2025-01-01 09:42:46,GOOGL,141,-0.06
2025-01-01 09:42:47,GOOGL,714,-0.16
2025-01-01 09:42:48,GOOGL,774,0.97
2025-01-01 09:42:49,GOOGL,511,0.37
2025-01-01 09:42:50,GOOGL,669,0.26
2025-01-01 09:42:51,GOOGL,593,0.3
2025-01-01 09:42:52,GOOGL,206,0.55
2025-01-01 09:42:53,GOOGL,656,0.73
2025-01-01 09:42:54,GOOGL,473,-0.31
2025-01-01 09:42:55,GOOGL,720,0.54
2025-01-01 09:42:56,GOOGL,166,-0.37
2025-01-01 09:42:57,GOOGL,626,0.19
2025-01-01 09:42:58,GOOGL,354,0.32
2025-01-01 09:42:59,GOOGL,477,-0.24
2025-01-01 09:43:00,GOOGL,385,-0.93
2025-01-01 09:43:01,GOOGL,534,-0.62
2025-01-01 09:43:02,GOOGL,966,0.73
2025-01-01 09:43:03,GOOGL,535,0.62
2025-01-01 09:43:04,GOOGL,393,0.26
2025-01-01 09:43:05,GOOGL,389,-0.02
2025-01-01 09:43:06,GOOGL,557,-0.56
2025-01-01 09:43:07,GOOGL,166,-0.81
2025-01-01 09:43:08,GOOGL,960,-0.91
2025-01-01 09:43:09,GOOGL,770,0.55
2025-01-01 09:43:10,GOOGL,841,-0.68
2025-01-01 09:43:11,GOOGL,129,-0.43
2025-01-01 09:43:12,GOOGL,328,-0.87
2025-01-01 09:43:13,GOOGL,411,-0.37
2025-01-01 09:43:14,GOOGL,755,-0.69
2025-01-01 09:43:15,GOOGL,120,-0.11
2025-01-01 09:43:16,GOOGL,419,0.63
2025-01-01 09:43:17,GOOGL,719,-0.05
2025-01-01 09:43:18,GOOGL,231,0.19
2025-01-01 09:43:19,GOOGL,438,-0.71
2025-01-01 09:43:20,GOOGL,158,0.28
2025-01-01 09:43:21,GOOGL,336,0.37
2025-01-01 09:43:22,GOOGL,977,0.56
2025-01-01 09:43:23,GOOGL,989,-0.27
2025-01-01 09:43:24,GOOGL,455,-0.42
2025-01-01 09:43:25,GOOGL,379,0.13
2025-01-01 09:43:26,GOOGL,248,-0.25
2025-01-01 09:43:27,GOOGL,369,0.36
2025-01-01 09:43:28,GOOGL,780,0.98
2025-01-01 09:43:29,GOOGL,432,-0.34
2025-01-01 09:43:30,GOOGL,153,-0.89
2025-01-01 09:43:31,GOOGL,424,0.5
2025-01-01 09:43:32,GOOGL,751,-0.69
2025-01-01 09:43:33,GOOGL,285,-0.51
2025-01-01 09:43:34,GOOGL,820,-0.67
2025-01-01 09:43:35,GOOGL,519,-0.1
2025-01-01 09:43:36,GOOGL,857,0.85
2025-01-01 09:43:37,GOOGL,724,0.64
2025-01-01 09:43:38,GOOGL,648,-0.86
2025-01-01 09:43:39,GOOGL,571,0.92
2025-01-01 09:43:40,GOOGL,589,0.16
2025-01-01 09:43:41,GOOGL,996,0.15
2025-01-01 09:43:42,GOOGL,434,0.73
2025-01-01 09:43:43,GOOGL,700,0.12
2025-01-01 09:43:44,GOOGL,256,-0.06
2025-01-01 09:43:45,GOOGL,900,-0.29
2025-01-01 09:43:46,GOOGL,529,-0.4
2025-01-01 09:43:47,GOOGL,534,-0.01
2025-01-01 09:43:48,GOOGL,871,-0.32
2025-01-01 09:43:49,GOOGL,248,-0.64
2025-01-01 09:43:50,GOOGL,541,0.31
2025-01-01 09:43:51,GOOGL,320,0.55
2025-01-01 09:43:52,GOOGL,936,-0.47
2025-01-01 09:43:53,GOOGL,897,0.61
2025-01-01 09:43:54,GOOGL,847,-0.79
2025-01-01 09:43:55,GOOGL,959,0.45
2025-01-01 09:43:56,GOOGL,833,-0.28
2025-01-01 09:43:57,GOOGL,393,0.77
2025-01-01 09:43:58,GOOGL,226,-0.91
2025-01-01 09:43:59,GOOGL,716,-0.92
2025-01-01 09:44:00,GOOGL,387,0.33
2025-01-01 09:44:01,GOOGL,339,0.24
2025-01-01 09:44:02,GOOGL,846,0.93
2025-01-01 09:44:03,GOOGL,963,-0.17
2025-01-01 09:44:04,GOOGL,699,0.43
2025-01-01 09:44:05,GOOGL,403,0.71
2025-01-01 09:44:06,GOOGL,470,-0.35
2025-01-01 09:44:07,GOOGL,342,-0.46
2025-01-01 09:44:08,GOOGL,476,0.72
2025-01-01 09:44:09,GOOGL,195,-0.56
2025-01-01 09:44:10,GOOGL,357,0.72
2025-01-01 09:44:11,GOOGL,317,0.5
2025-01-01 09:44:12,GOOGL,906,0.89
2025-01-01 09:44:13,GOOGL,484,0.15
2025-01-01 09:44:14,GOOGL,501,0.4
2025-01-01 09:44:15,GOOGL,516,-0.35
2025-01-01 09:44:16,GOOGL,854,0.39
2025-01-01 09:44:17,GOOGL,919,-0.64
2025-01-01 09:44:18,GOOGL,977,0.91
2025-01-01 09:44:19,GOOGL,420,-0.67
2025-01-01 09:44:20,GOOGL,964,-0.44
2025-01-01 09:44:21,GOOGL,226,0.34
2025-01-01 09:44:22,GOOGL,104,-0.81
2025-01-01 09:44:23,GOOGL,729,0.09
2025-01-01 09:44:24,GOOGL,968,0.25
2025-01-01 09:44:25,GOOGL,485,0.28
2025-01-01 09:44:26,GOOGL,871,0.71
2025-01-01 09:44:27,GOOGL,252,-0.37
2025-01-01 09:44:28,GOOGL,391,-0.94
2025-01-01 09:44:29,GOOGL,461,-0.73
2025-01-01 09:44:30,GOOGL,284,-0.73
2025-01-01 09:44:31,GOOGL,746,0.62
2025-01-01 09:44:32,GOOGL,673,0.08
2025-01-01 09:44:33,GOOGL,215,-0.24
2025-01-01 09:44:34,GOOGL,520,-0.74
2025-01-01 09:44:35,GOOGL,530,-0.24
2025-01-01 09:44:36,GOOGL,769,0.5
2025-01-01 09:44:37,GOOGL,890,-0.28
2025-01-01 09:44:38,GOOGL,307,0.78
2025-01-01 09:44:39,GOOGL,690,0.44
2025-01-01 09:44:40,GOOGL,142,-0.49
